@ARTICLE{Pillepich2018,
   author = {{Pillepich}, A. and {Nelson}, D. and {Hernquist}, L. and {Springel}, V. and 
	{Pakmor}, R. and {Torrey}, P. and {Weinberger}, R. and {Genel}, S. and 
	{Naiman}, J.~P. and {Marinacci}, F. and {Vogelsberger}, M.},
    title = "{First results from the IllustrisTNG simulations: the stellar mass content of groups and clusters of galaxies}",
  journal = {\mnras},
archivePrefix = "arXiv",
   eprint = {1707.03406},
 keywords = {methods: numerical, galaxies: clusters: general, galaxies: general, galaxies: groups: general, cosmology: theory},
     year = 2018,
    month = mar,
   volume = 475,
    pages = {648-675},
      doi = {10.1093/mnras/stx3112},
   adsurl = {http://adsabs.harvard.edu/abs/2018MNRAS.475..648P},
  adsnote = {Provided by the SAO/NASA Astrophysics Data System}
}

@ARTICLE{Kravtsov2018,
   author = {{Kravtsov}, A.~V. and {Vikhlinin}, A.~A. and {Meshcheryakov}, A.~V.
	},
    title = "{Stellar Mass{\mdash}Halo Mass Relation and Star Formation Efficiency in High-Mass Halos}",
  journal = {Astronomy Letters},
archivePrefix = "arXiv",
   eprint = {1401.7329},
 keywords = {galaxy clusters, dark matter, stellar mass, star formation},
     year = 2018,
    month = jan,
   volume = 44,
    pages = {8-34},
      doi = {10.1134/S1063773717120015},
   adsurl = {http://adsabs.harvard.edu/abs/2018AstL...44....8K},
  adsnote = {Provided by the SAO/NASA Astrophysics Data System}
}

@ARTICLE{Saro2010,
   author = {{Saro}, A. and {De Lucia}, G. and {Borgani}, S. and {Dolag}, K.
	},
    title = "{Gas cooling in semi-analytic models and smoothed particle hydrodynamics simulations: are results consistent?}",
  journal = {\mnras},
archivePrefix = "arXiv",
   eprint = {1001.3115},
 keywords = {hydrodynamics, methods: numerical, galaxies: clusters: general, galaxies: formation, cosmology: theory},
     year = 2010,
    month = aug,
   volume = 406,
    pages = {729-743},
      doi = {10.1111/j.1365-2966.2010.16737.x},
   adsurl = {http://adsabs.harvard.edu/abs/2010MNRAS.406..729S},
  adsnote = {Provided by the SAO/NASA Astrophysics Data System}
}

@ARTICLE{Monaco2014,
   author = {{Monaco}, P. and {Benson}, A.~J. and {De Lucia}, G. and {Fontanot}, F. and 
	{Borgani}, S. and {Boylan-Kolchin}, M.},
    title = "{A semi-analytic model comparison: testing cooling models against hydrodynamical simulations}",
  journal = {\mnras},
archivePrefix = "arXiv",
   eprint = {1404.0811},
 keywords = {methods: numerical, galaxies: evolution, galaxies: formation},
     year = 2014,
    month = jul,
   volume = 441,
    pages = {2058-2077},
      doi = {10.1093/mnras/stu655},
   adsurl = {http://adsabs.harvard.edu/abs/2014MNRAS.441.2058M},
  adsnote = {Provided by the SAO/NASA Astrophysics Data System}
}

@ARTICLE{Guo2016,
   author = {{Guo}, Q. and {Gonzalez-Perez}, V. and {Guo}, Q. and {Schaller}, M. and 
	{Furlong}, M. and {Bower}, R.~G. and {Cole}, S. and {Crain}, R.~A. and 
	{Frenk}, C.~S. and {Helly}, J.~C. and {Lacey}, C.~G. and {Lagos}, C.~d.~P. and 
	{Mitchell}, P. and {Schaye}, J. and {Theuns}, T.},
    title = "{Galaxies in the EAGLE hydrodynamical simulation and in the Durham and Munich semi-analytical models}",
  journal = {\mnras},
archivePrefix = "arXiv",
   eprint = {1512.00015},
 keywords = {methods: analytical, methods: numerical, galaxies: evolution, galaxies: formation, cosmology: theory},
     year = 2016,
    month = oct,
   volume = 461,
    pages = {3457-3482},
      doi = {10.1093/mnras/stw1525},
   adsurl = {http://adsabs.harvard.edu/abs/2016MNRAS.461.3457G},
  adsnote = {Provided by the SAO/NASA Astrophysics Data System}
}
@ARTICLE{Dave2016,
   author = {{Dav{\'e}}, R. and {Thompson}, R. and {Hopkins}, P.~F.},
    title = "{MUFASA: galaxy formation simulations with meshless hydrodynamics}",
  journal = {\mnras},
archivePrefix = "arXiv",
   eprint = {1604.01418},
 keywords = {galaxies: evolution, galaxies: formation},
     year = 2016,
    month = nov,
   volume = 462,
    pages = {3265-3284},
      doi = {10.1093/mnras/stw1862},
   adsurl = {http://adsabs.harvard.edu/abs/2016MNRAS.462.3265D},
  adsnote = {Provided by the SAO/NASA Astrophysics Data System}
}

@ARTICLE{Nagarajan2018,
   author = {{Nagarajan}, A. and {Pacaud}, F. and {Sommer}, M. and {Klein}, M. and 
	{Basu}, K. and {Bertoldi}, F. and {Lee}, A.~T. and {Ade}, P.~A.~R. and 
	{Bender}, A.~N. and {Ferrusca}, D. and {Halverson}, N.~W. and 
	{Horellou}, C. and {Johnson}, B.~R. and {Kennedy}, J. and {Kneissl}, R. and 
	{Menten}, K.~M. and {Reichardt}, C.~L. and {Tucker}, C. and 
	{Westbrook}, B.},
    title = "{Weak-lensing mass calibration of the Sunyaev-Zel'dovich effect using APEX-SZ galaxy clusters}",
  journal = {ArXiv e-prints},
archivePrefix = "arXiv",
   eprint = {1804.03671},
 keywords = {Astrophysics - Cosmology and Nongalactic Astrophysics},
     year = 2018,
    month = apr,
   adsurl = {http://adsabs.harvard.edu/abs/2018arXiv180403671N},
  adsnote = {Provided by the SAO/NASA Astrophysics Data System}
}

@ARTICLE{Ragone-Figueroa2018,
   author = {{Ragone-Figueroa}, C. and {Granato}, G.~L. and {Ferraro}, M.~E. and 
	{Murante}, G. and {Biffi}, V. and {Borgani}, S. and {Planelles}, S. and 
	{Rasia}, E.},
    title = "{BCG Mass Evolution in Cosmological Hydro-Simulations}",
  journal = {ArXiv e-prints},
archivePrefix = "arXiv",
   eprint = {1803.08049},
 keywords = {Astrophysics - Astrophysics of Galaxies},
     year = 2018,
    month = mar,
   adsurl = {http://adsabs.harvard.edu/abs/2018arXiv180308049R},
  adsnote = {Provided by the SAO/NASA Astrophysics Data System}
}

@ARTICLE{Rasia2013,
   author = {{Rasia}, E. and {Borgani}, S. and {Ettori}, S. and {Mazzotta}, P. and 
	{Meneghetti}, M.},
    title = "{On the Discrepancy between Theoretical and X-Ray Concentration-Mass Relations for Galaxy Clusters}",
  journal = {\apj},
archivePrefix = "arXiv",
   eprint = {1301.7476},
 keywords = {cosmology: theory, galaxies: clusters: general, galaxies: clusters: intracluster medium, methods: numerical, X-rays: galaxies: clusters },
     year = 2013,
    month = oct,
   volume = 776,
      eid = {39},
    pages = {39},
      doi = {10.1088/0004-637X/776/1/39},
   adsurl = {http://adsabs.harvard.edu/abs/2013ApJ...776...39R},
  adsnote = {Provided by the SAO/NASA Astrophysics Data System}
}

@ARTICLE{Planelles2017,
   author = {{Planelles}, S. and {Fabjan}, D. and {Borgani}, S. and {Murante}, G. and 
	{Rasia}, E. and {Biffi}, V. and {Truong}, N. and {Ragone-Figueroa}, C. and 
	{Granato}, G.~L. and {Dolag}, K. and {Pierpaoli}, E. and {Beck}, A.~M. and 
	{Steinborn}, L.~K. and {Gaspari}, M.},
    title = "{Pressure of the hot gas in simulations of galaxy clusters}",
  journal = {\mnras},
archivePrefix = "arXiv",
   eprint = {1612.07260},
 keywords = {methods: numerical, galaxies: clusters: general, X-rays: galaxies: clusters, galaxies: clusters: intracluster medium},
     year = 2017,
    month = jun,
   volume = 467,
    pages = {3827-3847},
      doi = {10.1093/mnras/stx318},
   adsurl = {http://adsabs.harvard.edu/abs/2017MNRAS.467.3827P},
  adsnote = {Provided by the SAO/NASA Astrophysics Data System}
}

@ARTICLE{Donahue2016,
   author = {{Donahue}, M. and {Ettori}, S. and {Rasia}, E. and {Sayers}, J. and 
	{Zitrin}, A. and {Meneghetti}, M. and {Voit}, G.~M. and {Golwala}, S. and 
	{Czakon}, N. and {Yepes}, G. and {Baldi}, A. and {Koekemoer}, A. and 
	{Postman}, M.},
    title = "{The Morphologies and Alignments of Gas, Mass, and the Central Galaxies of CLASH Clusters of Galaxies}",
  journal = {\apj},
archivePrefix = "arXiv",
   eprint = {1601.04947},
 keywords = {dark matter, galaxies: clusters: intracluster medium, galaxies: elliptical and lenticular, cD, gravitational lensing: strong, gravitational lensing: weak, large-scale structure of universe},
     year = 2016,
    month = mar,
   volume = 819,
      eid = {36},
    pages = {36},
      doi = {10.3847/0004-637X/819/1/36},
   adsurl = {http://adsabs.harvard.edu/abs/2016ApJ...819...36D},
  adsnote = {Provided by the SAO/NASA Astrophysics Data System}
}

@ARTICLE{Mazzotta2004,
   author = {{Mazzotta}, P. and {Rasia}, E. and {Borgani}, S. and {Moscardini}, L. and 
	{Dolag}, K. and {Tormen}, G.},
    title = "{Spectroscopic-Like Temperature of Clusters of Galaxies and Cosmological Implications}",
  journal = {ArXiv Astrophysics e-prints},
   eprint = {astro-ph/0412536},
 keywords = {Astrophysics},
     year = 2004,
    month = dec,
   adsurl = {http://adsabs.harvard.edu/abs/2004astro.ph.12536M},
  adsnote = {Provided by the SAO/NASA Astrophysics Data System}
}

@ARTICLE{Meneghetti2014,
   author = {{Meneghetti}, M. and {Rasia}, E. and {Vega}, J. and {Merten}, J. and 
	{Postman}, M. and {Yepes}, G. and {Sembolini}, F. and {Donahue}, M. and 
	{Ettori}, S. and {Umetsu}, K. and {Balestra}, I. and {Bartelmann}, M. and 
	{Ben{\'{\i}}tez}, N. and {Biviano}, A. and {Bouwens}, R. and 
	{Bradley}, L. and {Broadhurst}, T. and {Coe}, D. and {Czakon}, N. and 
	{De Petris}, M. and {Ford}, H. and {Giocoli}, C. and {Gottl{\"o}ber}, S. and 
	{Grillo}, C. and {Infante}, L. and {Jouvel}, S. and {Kelson}, D. and 
	{Koekemoer}, A. and {Lahav}, O. and {Lemze}, D. and {Medezinski}, E. and 
	{Melchior}, P. and {Mercurio}, A. and {Molino}, A. and {Moscardini}, L. and 
	{Monna}, A. and {Moustakas}, J. and {Moustakas}, L.~A. and {Nonino}, M. and 
	{Rhodes}, J. and {Rosati}, P. and {Sayers}, J. and {Seitz}, S. and 
	{Zheng}, W. and {Zitrin}, A.},
    title = "{The MUSIC of CLASH: Predictions on the Concentration-Mass Relation}",
  journal = {\apj},
archivePrefix = "arXiv",
   eprint = {1404.1384},
 keywords = {dark matter, galaxies: clusters: general, gravitation lensing: weak, gravitational lensing: strong},
     year = 2014,
    month = dec,
   volume = 797,
      eid = {34},
    pages = {34},
      doi = {10.1088/0004-637X/797/1/34},
   adsurl = {http://adsabs.harvard.edu/abs/2014ApJ...797...34M},
  adsnote = {Provided by the SAO/NASA Astrophysics Data System}
}

@ARTICLE{Biffi2018,
   author = {{Biffi}, V. and {Planelles}, S. and {Borgani}, S. and {Rasia}, E. and 
	{Murante}, G. and {Fabjan}, D. and {Gaspari}, M.},
    title = "{The origin of ICM enrichment in the outskirts of present-day galaxy clusters from cosmological hydrodynamical simulations}",
  journal = {\mnras},
 keywords = {methods: numerical, galaxies: clusters: general, galaxies: clusters: intracluster medium},
     year = 2018,
    month = may,
   volume = 476,
    pages = {2689-2703},
      doi = {10.1093/mnras/sty363},
   adsurl = {http://adsabs.harvard.edu/abs/2018MNRAS.476.2689B},
  adsnote = {Provided by the SAO/NASA Astrophysics Data System}
}

@ARTICLE{Biffi2017,
   author = {{Biffi}, V. and {Planelles}, S. and {Borgani}, S. and {Fabjan}, D. and 
	{Rasia}, E. and {Murante}, G. and {Tornatore}, L. and {Dolag}, K. and 
	{Granato}, G.~L. and {Gaspari}, M. and {Beck}, A.~M.},
    title = "{The history of chemical enrichment in the intracluster medium from cosmological simulations}",
  journal = {\mnras},
archivePrefix = "arXiv",
   eprint = {1701.08164},
 keywords = {methods: numerical, galaxies: clusters: general, galaxies: clusters: intracluster medium},
     year = 2017,
    month = jun,
   volume = 468,
    pages = {531-548},
      doi = {10.1093/mnras/stx444},
   adsurl = {http://adsabs.harvard.edu/abs/2017MNRAS.468..531B},
  adsnote = {Provided by the SAO/NASA Astrophysics Data System}
}

@ARTICLE{Biffi2016,
   author = {{Biffi}, V. and {Borgani}, S. and {Murante}, G. and {Rasia}, E. and 
	{Planelles}, S. and {Granato}, G.~L. and {Ragone-Figueroa}, C. and 
	{Beck}, A.~M. and {Gaspari}, M. and {Dolag}, K.},
    title = "{On the Nature of Hydrostatic Equilibrium in Galaxy Clusters}",
  journal = {\apj},
archivePrefix = "arXiv",
   eprint = {1606.02293},
 keywords = {galaxies: clusters: general, galaxies: clusters: intracluster medium, methods: numerical},
     year = 2016,
    month = aug,
   volume = 827,
      eid = {112},
    pages = {112},
      doi = {10.3847/0004-637X/827/2/112},
   adsurl = {http://adsabs.harvard.edu/abs/2016ApJ...827..112B},
  adsnote = {Provided by the SAO/NASA Astrophysics Data System}
}

@ARTICLE{Battaglia2010,
   author = {{Battaglia}, N. and {Bond}, J.~R. and {Pfrommer}, C. and {Sievers}, J.~L. and 
	{Sijacki}, D.},
    title = "{Simulations of the Sunyaev-Zel'dovich Power Spectrum with Active Galactic Nucleus Feedback}",
  journal = {\apj},
archivePrefix = "arXiv",
   eprint = {1003.4256},
 keywords = {black hole physics, cosmic background radiation, cosmology: theory, galaxies: clusters: general, large-scale structure of universe, methods: numerical},
     year = 2010,
    month = dec,
   volume = 725,
    pages = {91-99},
      doi = {10.1088/0004-637X/725/1/91},
   adsurl = {http://adsabs.harvard.edu/abs/2010ApJ...725...91B},
  adsnote = {Provided by the SAO/NASA Astrophysics Data System}
}

@ARTICLE{Shirasaki2016,
   author = {{Shirasaki}, M. and {Nagai}, D. and {Lau}, E.~T.},
    title = "{Covariance in the thermal SZ-weak lensing mass scaling relation of galaxy clusters}",
  journal = {\mnras},
archivePrefix = "arXiv",
   eprint = {1603.08609},
 keywords = {gravitational lensing: weak, methods: numerical, galaxies: clusters: general, galaxies: clusters: intracluster medium, cosmology: observations},
     year = 2016,
    month = aug,
   volume = 460,
    pages = {3913-3924},
      doi = {10.1093/mnras/stw1263},
   adsurl = {http://adsabs.harvard.edu/abs/2016MNRAS.460.3913S},
  adsnote = {Provided by the SAO/NASA Astrophysics Data System}
}

@ARTICLE{Klypin2016,
   author = {{Klypin}, A. and {Yepes}, G. and {Gottl{\"o}ber}, S. and {Prada}, F. and 
	{He{\ss}}, S.},
    title = "{MultiDark simulations: the story of dark matter halo concentrations and density profiles}",
  journal = {\mnras},
archivePrefix = "arXiv",
   eprint = {1411.4001},
 keywords = {methods: numerical, galaxies: haloes, dark matter},
     year = 2016,
    month = apr,
   volume = 457,
    pages = {4340-4359},
      doi = {10.1093/mnras/stw248},
   adsurl = {http://adsabs.harvard.edu/abs/2016MNRAS.457.4340K},
  adsnote = {Provided by the SAO/NASA Astrophysics Data System}
}

@ARTICLE{Benson2012,
   author = {{Benson}, A.~J.},
    title = "{G ALACTICUS: A semi-analytic model of galaxy formation}",
  journal = {\na},
archivePrefix = "arXiv",
   eprint = {1008.1786},
     year = 2012,
    month = feb,
   volume = 17,
    pages = {175-197},
      doi = {10.1016/j.newast.2011.07.004},
   adsurl = {http://adsabs.harvard.edu/abs/2012NewA...17..175B},
  adsnote = {Provided by the SAO/NASA Astrophysics Data System}
}

@ARTICLE{Gupta2017,
   author = {{Gupta}, N. and {Saro}, A. and {Mohr}, J.~J. and {Dolag}, K. and 
	{Liu}, J.},
    title = "{SZE observables, pressure profiles and centre offsets in Magneticum simulation galaxy clusters}",
  journal = {\mnras},
archivePrefix = "arXiv",
   eprint = {1612.05266},
 keywords = {hydrodynamics, methods: numerical, galaxies: clusters: general, galaxies: clusters: intracluster medium, cosmology: theory},
     year = 2017,
    month = aug,
   volume = 469,
    pages = {3069-3087},
      doi = {10.1093/mnras/stx715},
   adsurl = {http://adsabs.harvard.edu/abs/2017MNRAS.469.3069G},
  adsnote = {Provided by the SAO/NASA Astrophysics Data System}
}

@ARTICLE{Dolag2016,
   author = {{Dolag}, K. and {Komatsu}, E. and {Sunyaev}, R.},
    title = "{SZ effects in the Magneticum Pathfinder simulation: comparison with the Planck, SPT, and ACT results}",
  journal = {\mnras},
archivePrefix = "arXiv",
   eprint = {1509.05134},
 keywords = {hydrodynamics, methods: numerical, galaxies: clusters: general, cosmic background radiation, cosmology: theory},
     year = 2016,
    month = dec,
   volume = 463,
    pages = {1797-1811},
      doi = {10.1093/mnras/stw2035},
   adsurl = {http://adsabs.harvard.edu/abs/2016MNRAS.463.1797D},
  adsnote = {Provided by the SAO/NASA Astrophysics Data System}
}

@ARTICLE{Truong2018,
   author = {{Truong}, N. and {Rasia}, E. and {Mazzotta}, P. and {Planelles}, S. and 
	{Biffi}, V. and {Fabjan}, D. and {Beck}, A.~M. and {Borgani}, S. and 
	{Dolag}, K. and {Gaspari}, M. and {Granato}, G.~L. and {Murante}, G. and 
	{Ragone-Figueroa}, C. and {Steinborn}, L.~K.},
    title = "{Cosmological hydrodynamical simulations of galaxy clusters: X-ray scaling relations and their evolution}",
  journal = {\mnras},
archivePrefix = "arXiv",
   eprint = {1607.00019},
 keywords = {methods: numerical, galaxies: clusters: general, galaxies: clusters: intracluster medium, X-rays: galaxies: clusters},
     year = 2018,
    month = mar,
   volume = 474,
    pages = {4089-4111},
      doi = {10.1093/mnras/stx2927},
   adsurl = {http://adsabs.harvard.edu/abs/2018MNRAS.474.4089T},
  adsnote = {Provided by the SAO/NASA Astrophysics Data System}
}

@ARTICLE{Fabjan2011,
   author = {{Fabjan}, D. and {Borgani}, S. and {Rasia}, E. and {Bonafede}, A. and 
	{Dolag}, K. and {Murante}, G. and {Tornatore}, L.},
    title = "{X-ray mass proxies from hydrodynamic simulations of galaxy clusters - I}",
  journal = {\mnras},
archivePrefix = "arXiv",
   eprint = {1102.2903},
 keywords = {methods: numerical, cosmology: miscellaneous, X-rays: galaxies: clusters},
     year = 2011,
    month = sep,
   volume = 416,
    pages = {801-816},
      doi = {10.1111/j.1365-2966.2011.18497.x},
   adsurl = {http://adsabs.harvard.edu/abs/2011MNRAS.416..801F},
  adsnote = {Provided by the SAO/NASA Astrophysics Data System}
}

@ARTICLE{White1991,
   author = {{White}, S.~D.~M. and {Frenk}, C.~S.},
    title = "{Galaxy formation through hierarchical clustering}",
  journal = {\apj},
 keywords = {Galactic Clusters, Galactic Evolution, Galactic Structure, Star Distribution, Star Formation, Analytic Functions, Brightness Distribution, Cosmology, Dark Matter, Halos, Numerical Analysis},
     year = 1991,
    month = sep,
   volume = 379,
    pages = {52-79},
      doi = {10.1086/170483},
   adsurl = {http://adsabs.harvard.edu/abs/1991ApJ...379...52W},
  adsnote = {Provided by the SAO/NASA Astrophysics Data System}
}

@ARTICLE{Croton2016,
   author = {{Croton}, D.~J. and {Stevens}, A.~R.~H. and {Tonini}, C. and 
	{Garel}, T. and {Bernyk}, M. and {Bibiano}, A. and {Hodkinson}, L. and 
	{Mutch}, S.~J. and {Poole}, G.~B. and {Shattow}, G.~M.},
    title = "{Semi-Analytic Galaxy Evolution (SAGE): Model Calibration and Basic Results}",
  journal = {\apjs},
archivePrefix = "arXiv",
   eprint = {1601.04709},
 keywords = {galaxies: active, galaxies: evolution, galaxies: halos, methods: numerical},
     year = 2016,
    month = feb,
   volume = 222,
      eid = {22},
    pages = {22},
      doi = {10.3847/0067-0049/222/2/22},
   adsurl = {http://adsabs.harvard.edu/abs/2016ApJS..222...22C},
  adsnote = {Provided by the SAO/NASA Astrophysics Data System}
}

@ARTICLE{Croton2006,
   author = {{Croton}, D.~J. and {Springel}, V. and {White}, S.~D.~M. and 
	{De Lucia}, G. and {Frenk}, C.~S. and {Gao}, L. and {Jenkins}, A. and 
	{Kauffmann}, G. and {Navarro}, J.~F. and {Yoshida}, N.},
    title = "{The many lives of active galactic nuclei: cooling flows, black holes and the luminosities and colours of galaxies}",
  journal = {\mnras},
   eprint = {astro-ph/0508046},
 keywords = {black hole physics, galaxies: active, cooling flows, galaxies: evolution, galaxies: formation, cosmology: theory},
     year = 2006,
    month = jan,
   volume = 365,
    pages = {11-28},
      doi = {10.1111/j.1365-2966.2005.09675.x},
   adsurl = {http://adsabs.harvard.edu/abs/2006MNRAS.365...11C},
  adsnote = {Provided by the SAO/NASA Astrophysics Data System}
}

@ARTICLE{Hopkins2015,
   author = {{Hopkins}, P.~F.},
    title = "{A new class of accurate, mesh-free hydrodynamic simulation methods}",
  journal = {\mnras},
archivePrefix = "arXiv",
   eprint = {1409.7395},
 keywords = {hydrodynamics, instabilities, turbulence, methods: numerical, cosmology: theory},
     year = 2015,
    month = jun,
   volume = 450,
    pages = {53-110},
      doi = {10.1093/mnras/stv195},
   adsurl = {http://adsabs.harvard.edu/abs/2015MNRAS.450...53H},
  adsnote = {Provided by the SAO/NASA Astrophysics Data System}
}

@ARTICLE{Knebe2018,
   author = {{Knebe}, A. and {Pearce}, F.~R. and {Gonzalez-Perez}, V. and 
	{Thomas}, P.~A. and {Benson}, A. and {Asquith}, R. and {Blaizot}, J. and 
	{Bower}, R. and {Carretero}, J. and {Castander}, F.~J. and {Cattaneo}, A. and 
	{Cora}, S.~A. and {Croton}, D.~J. and {Cui}, W. and {Cunnama}, D. and 
	{Devriendt}, J.~E. and {Elahi}, P.~J. and {Font}, A. and {Fontanot}, F. and 
	{Gargiulo}, I.~D. and {Helly}, J. and {Henriques}, B. and {Lee}, J. and 
	{Mamon}, G.~A. and {Onions}, J. and {Padilla}, N.~D. and {Power}, C. and 
	{Pujol}, A. and {Ruiz}, A.~N. and {Srisawat}, C. and {Stevens}, A.~R.~H. and 
	{Tollet}, E. and {Vega-Mart{\'{\i}}nez}, C.~A. and {Yi}, S.~K.
	},
    title = "{Cosmic CARNage I: on the calibration of galaxy formation models}",
  journal = {\mnras},
archivePrefix = "arXiv",
   eprint = {1712.06420},
 keywords = {methods: analytical, methods: numerical, galaxies: evolution, galaxies: haloes, dark matter, cosmology: theory},
     year = 2018,
    month = apr,
   volume = 475,
    pages = {2936-2954},
      doi = {10.1093/mnras/stx3274},
   adsurl = {http://adsabs.harvard.edu/abs/2018MNRAS.475.2936K},
  adsnote = {Provided by the SAO/NASA Astrophysics Data System}
}

@ARTICLE{Cora2018a,
   author = {{Cora}, S.~A. and {Vega-Mart{\'{\i}}nez}, C.~A. and {Hough}, T. and 
	{Ruiz}, A.~N. and {Orsi}, {\'A}. and {Collacchioni}, F. and 
	{Mu{\~n}oz Arancibia}, A.~M. and {Gargiulo}, I.~D. and {Padilla}, N.~D. and 
	{Gottl{\"o}ber}, S. and {Yepes}, G.},
    title = "{Semi-Analytic Galaxies - I. Synthesis of environmental and star-forming regulation mechanisms}",
  journal = {ArXiv e-prints},
archivePrefix = "arXiv",
   eprint = {1801.03883},
 keywords = {Astrophysics - Astrophysics of Galaxies},
     year = 2018,
    month = jan,
   adsurl = {http://adsabs.harvard.edu/abs/2018arXiv180103883C},
  adsnote = {Provided by the SAO/NASA Astrophysics Data System}
}

@ARTICLE{Springel2001,
   author = {{Springel}, V. and {White}, S.~D.~M. and {Tormen}, G. and {Kauffmann}, G.},
    title = "{Populating a cluster of galaxies - I. Results at [formmu2]z=0}",
  journal = {MNRAS},
     year = 2001,
    month = dec,
   volume = 328,
    pages = {726-750},
}

@ARTICLE{Cora2006,
   author = {{Cora}, S.~A.},
    title = "{Metal enrichment of the intracluster medium: a three-dimensional picture of chemical and dynamical properties}",
  journal = {MNRAS},
     year = 2006,
    month = jun,
   volume = 368,
    pages = {1540-1560},
}

@ARTICLE{Lagos2008,
   author = {{Lagos}, C. and {Cora}, S. and {Padilla}, N.~D.},
    title = "{Effects of AGN feedback on {\Lambda}CDM galaxies}",
  journal = {MNRAS},
     year = 2008,
    month = may,
   volume = 388,
    pages = {587},
}

@ARTICLE{munnozarancibia_sam_2015,
   author = {{Mu{\~n}oz Arancibia}, A.~M. and {Navarrete}, F.~P. and {Padilla}, N.~D. and 
	{Cora}, S.~A. and {Gawiser}, E. and {Kurczynski}, P. and {Ruiz}, A.~N.
	},
    title = "{Properties of submillimetre galaxies in a semi-analytic model using the `Count Matching' approach: application to the ECDF-S}",
  journal = {\mnras},
archivePrefix = "arXiv",
   eprint = {1410.2873},
 keywords = {galaxies: evolution, galaxies: formation, early Universe, submillimetre: galaxies},
     year = 2015,
    month = jan,
   volume = 446,
    pages = {2291-2311},
      doi = {10.1093/mnras/stu2237},
   adsurl = {http://adsabs.harvard.edu/abs/2015MNRAS.446.2291M},
  adsnote = {Provided by the SAO/NASA Astrophysics Data System}
}


@ARTICLE{Tecce2010,
   author = {{Tecce}, T.~E. and {Cora}, S.~A. and {Tissera}, P.~B. and {Abadi}, M.~G. and {Lagos}, C.~D.~P.},
    title = "{Ram pressure stripping in a galaxy formation model - I. A novel numerical approach}",
  journal = {MNRAS},
     year = 2010,
   volume = 408,
    pages = {2008-2021},
}
@ARTICLE{Orsi2014,
   author = {{Orsi}, {\'A}. and {Padilla}, N. and {Groves}, B. and {Cora}, S. and 
	{Tecce}, T. and {Gargiulo}, I. and {Ruiz}, A.},
    title = "{The nebular emission of star-forming galaxies in a hierarchical universe}",
  journal = {\mnras},
archivePrefix = "arXiv",
   eprint = {1402.5145},
 primaryClass = "astro-ph.CO",
 keywords = {methods: numerical, galaxies: evolution, galaxies: high-redshift},
     year = 2014,
    month = sep,
   volume = 443,
    pages = {799-814},
      doi = {10.1093/mnras/stu1203},
   adsurl = {http://adsabs.harvard.edu/abs/2014MNRAS.443..799O},
  adsnote = {Provided by the SAO/NASA Astrophysics Data System}
}

@ARTICLE{Gargiulo2015,
   author = {{Gargiulo}, I.~D. and {Cora}, S.~A. and {Padilla}, N.~D. and 
	{Mu{\~n}oz Arancibia}, A.~M. and {Ruiz}, A.~N. and {Orsi}, A.~A. and 
	{Tecce}, T.~E. and {Weidner}, C. and {Bruzual}, G.},
    title = "{Chemoarchaeological downsizing in a hierarchical universe: impact of a top-heavy IGIMF}",
  journal = {\mnras},
archivePrefix = "arXiv",
   eprint = {1402.3296},
 keywords = {methods: numerical, galaxies: abundances, galaxies: formation},
     year = 2015,
    month = feb,
   volume = 446,
    pages = {3820-3841},
      doi = {10.1093/mnras/stu2272},
   adsurl = {http://adsabs.harvard.edu/abs/2015MNRAS.446.3820G},
  adsnote = {Provided by the SAO/NASA Astrophysics Data System}
}

@ARTICLE{2017MNRAS.465.2936M,
   author = {{McCarthy}, I.~G. and {Schaye}, J. and {Bird}, S. and {Le Brun}, A.~M.~C.
	},
    title = "{The BAHAMAS project: calibrated hydrodynamical simulations for large-scale structure cosmology}",
  journal = {\mnras},
archivePrefix = "arXiv",
   eprint = {1603.02702},
 keywords = {galaxies: clusters: general, galaxies: haloes, cosmology: theory, large-scale structure of Universe},
     year = 2017,
    month = mar,
   volume = 465,
    pages = {2936-2965},
      doi = {10.1093/mnras/stw2792},
   adsurl = {http://adsabs.harvard.edu/abs/2017MNRAS.465.2936M},
  adsnote = {Provided by the SAO/NASA Astrophysics Data System}
}

@ARTICLE{2016MNRAS.463.1797D,
   author = {{Dolag}, K. and {Komatsu}, E. and {Sunyaev}, R.},
    title = "{SZ effects in the Magneticum Pathfinder simulation: comparison with the Planck, SPT, and ACT results}",
  journal = {\mnras},
archivePrefix = "arXiv",
   eprint = {1509.05134},
 keywords = {hydrodynamics, methods: numerical, galaxies: clusters: general, cosmic background radiation, cosmology: theory},
     year = 2016,
    month = dec,
   volume = 463,
    pages = {1797-1811},
      doi = {10.1093/mnras/stw2035},
   adsurl = {http://adsabs.harvard.edu/abs/2016MNRAS.463.1797D},
  adsnote = {Provided by the SAO/NASA Astrophysics Data System}
}

@ARTICLE{2017MNRAS.465..213B,
   author = {{Barnes}, D.~J. and {Kay}, S.~T. and {Henson}, M.~A. and {McCarthy}, I.~G. and 
	{Schaye}, J. and {Jenkins}, A.},
    title = "{The redshift evolution of massive galaxy clusters in the MACSIS simulations}",
  journal = {\mnras},
archivePrefix = "arXiv",
   eprint = {1607.04569},
 keywords = {hydrodynamics, methods: numerical, galaxies: clusters: general, galaxies: clusters: intracluster medium, galaxies: evolution, X-rays: galaxies: clusters},
     year = 2017,
    month = feb,
   volume = 465,
    pages = {213-233},
      doi = {10.1093/mnras/stw2722},
   adsurl = {http://adsabs.harvard.edu/abs/2017MNRAS.465..213B},
  adsnote = {Provided by the SAO/NASA Astrophysics Data System}
}



@ARTICLE{1997MNRAS.284..235Y,
   author = {{Yepes}, G. and {Kates}, R. and {Khokhlov}, A. and {Klypin}, A.
	},
    title = "{Hydrodynamical simulations of galaxy formation: effects of supernova feedback}",
  journal = {\mnras},
   eprint = {astro-ph/9605182},
 keywords = {HYDRODYNAMICS, METHODS: NUMERICAL, GALAXIES: EVOLUTION, GALAXIES: FORMATION},
     year = 1997,
    month = jan,
   volume = 284,
    pages = {235-256},
      doi = {10.1093/mnras/284.1.235},
   adsurl = {http://adsabs.harvard.edu/abs/1997MNRAS.284..235Y},
  adsnote = {Provided by the SAO/NASA Astrophysics Data System}
}


@ARTICLE{Meneghetti2010,
   author = {{Meneghetti}, M. and {Fedeli}, C. and {Pace}, F. and {Gottl{\"o}ber}, S. and 
	{Yepes}, G.},
    title = "{Strong lensing in the MARENOSTRUM UNIVERSE. I. Biases in the cluster lens population}",
  journal = {\aap},
archivePrefix = "arXiv",
   eprint = {1003.4544},
 keywords = {gravitational lensing: strong, galaxies: clusters: general},
     year = 2010,
    month = sep,
   volume = 519,
      eid = {A90},
    pages = {A90},
      doi = {10.1051/0004-6361/201014098},
   adsurl = {http://adsabs.harvard.edu/abs/2010A%26A...519A..90M},
  adsnote = {Provided by the SAO/NASA Astrophysics Data System}
}

@ARTICLE{Meneghetti2017,
   author = {{Meneghetti}, M. and {Natarajan}, P. and {Coe}, D. and {Contini}, E. and 
	{De Lucia}, G. and {Giocoli}, C. and {Acebron}, A. and {Borgani}, S. and 
	{Bradac}, M. and {Diego}, J.~M. and {Hoag}, A. and {Ishigaki}, M. and 
	{Johnson}, T.~L. and {Jullo}, E. and {Kawamata}, R. and {Lam}, D. and 
	{Limousin}, M. and {Liesenborgs}, J. and {Oguri}, M. and {Sebesta}, K. and 
	{Sharon}, K. and {Williams}, L.~L.~R. and {Zitrin}, A.},
    title = "{The Frontier Fields lens modelling comparison project}",
  journal = {\mnras},
archivePrefix = "arXiv",
   eprint = {1606.04548},
 keywords = {gravitational lensing: strong, gravitational lensing: weak, galaxies: clusters: general, galaxies: high-redshift},
     year = 2017,
    month = dec,
   volume = 472,
    pages = {3177-3216},
      doi = {10.1093/mnras/stx2064},
   adsurl = {http://adsabs.harvard.edu/abs/2017MNRAS.472.3177M},
  adsnote = {Provided by the SAO/NASA Astrophysics Data System}
}

@ARTICLE{Jauzac2015,
   author = {{Jauzac}, M. and {Richard}, J. and {Jullo}, E. and {Cl{\'e}ment}, B. and 
	{Limousin}, M. and {Kneib}, J.-P. and {Ebeling}, H. and {Natarajan}, P. and 
	{Rodney}, S. and {Atek}, H. and {Massey}, R. and {Eckert}, D. and 
	{Egami}, E. and {Rexroth}, M.},
    title = "{Hubble Frontier Fields: a high-precision strong-lensing analysis of the massive galaxy cluster Abell 2744 using {\tilde}180 multiple images}",
  journal = {\mnras},
archivePrefix = "arXiv",
   eprint = {1409.8663},
 keywords = {gravitational lensing: strong, galaxies: clusters: individual: Abell 2744, cosmology: observations},
     year = 2015,
    month = sep,
   volume = 452,
    pages = {1437-1446},
      doi = {10.1093/mnras/stv1402},
   adsurl = {http://adsabs.harvard.edu/abs/2015MNRAS.452.1437J},
  adsnote = {Provided by the SAO/NASA Astrophysics Data System}
}

@ARTICLE{Wong2012,
   author = {{Wong}, K.~C. and {Ammons}, S.~M. and {Keeton}, C.~R. and {Zabludoff}, A.~I.
	},
    title = "{Optimal Mass Configurations for Lensing High-redshift Galaxies}",
  journal = {\apj},
archivePrefix = "arXiv",
   eprint = {1203.2614},
 keywords = {gravitational lensing: strong},
     year = 2012,
    month = jun,
   volume = 752,
      eid = {104},
    pages = {104},
      doi = {10.1088/0004-637X/752/2/104},
   adsurl = {http://adsabs.harvard.edu/abs/2012ApJ...752..104W},
  adsnote = {Provided by the SAO/NASA Astrophysics Data System}
}

@ARTICLE{Johnson2014,
   author = {{Johnson}, T.~L. and {Sharon}, K. and {Bayliss}, M.~B. and {Gladders}, M.~D. and 
	{Coe}, D. and {Ebeling}, H.},
    title = "{Lens Models and Magnification Maps of the Six Hubble Frontier Fields Clusters}",
  journal = {\apj},
archivePrefix = "arXiv",
   eprint = {1405.0222},
 keywords = {galaxies: clusters: individual:: A2744 MACS J0416.1-2403 MACS J0717.5+3745, galaxies: distances and redshifts, gravitational lensing: strong},
     year = 2014,
    month = dec,
   volume = 797,
      eid = {48},
    pages = {48},
      doi = {10.1088/0004-637X/797/1/48},
   adsurl = {http://adsabs.harvard.edu/abs/2014ApJ...797...48J},
  adsnote = {Provided by the SAO/NASA Astrophysics Data System}
}

@ARTICLE{Navarro1997,
   author = {{Navarro}, J.~F. and {Frenk}, C.~S. and {White}, S.~D.~M.},
    title = "{A Universal Density Profile from Hierarchical Clustering}",
  journal = {\apj},
   eprint = {astro-ph/9611107},
 keywords = {Cosmology: Theory, Cosmology: Dark Matter, Galaxies: Halos, Methods: Numerical},
     year = 1997,
    month = dec,
   volume = 490,
    pages = {493-508},
      doi = {10.1086/304888},
   adsurl = {http://adsabs.harvard.edu/abs/1997ApJ...490..493N},
  adsnote = {Provided by the SAO/NASA Astrophysics Data System}
}

@ARTICLE{Power2012,
   author = {{Power}, C. and {Knebe}, A. and {Knollmann}, S.~R.},
    title = "{The dynamical state of dark matter haloes in cosmological simulations - I. Correlations with mass assembly history}",
  journal = {\mnras},
archivePrefix = "arXiv",
   eprint = {1109.2671},
 keywords = {galaxies: formation, galaxies: haloes, cosmology: theory, dark matter, large-scale structure of Universe},
     year = 2012,
    month = jan,
   volume = 419,
    pages = {1576-1587},
      doi = {10.1111/j.1365-2966.2011.19820.x},
   adsurl = {http://adsabs.harvard.edu/abs/2012MNRAS.419.1576P},
  adsnote = {Provided by the SAO/NASA Astrophysics Data System}
}

@ARTICLE{Rossetti2011,
   author = {{Rossetti}, M. and {Eckert}, D. and {Cavalleri}, B.~M. and {Molendi}, S. and 
	{Gastaldello}, F. and {Ghizzardi}, S.},
    title = "{Back and forth from cool core to non-cool core: clues from radio halos}",
  journal = {\aap},
archivePrefix = "arXiv",
   eprint = {1106.4563},
 keywords = {galaxies: clusters: general, X-rays: galaxies: clusters},
     year = 2011,
    month = aug,
   volume = 532,
      eid = {A123},
    pages = {A123},
      doi = {10.1051/0004-6361/201117306},
   adsurl = {http://adsabs.harvard.edu/abs/2011A%26A...532A.123R},
  adsnote = {Provided by the SAO/NASA Astrophysics Data System}
}

@ARTICLE{Barnes2017c,
   author = {{Barnes}, D.~J. and {Vogelsberger}, M. and {Kannan}, R. and 
	{Marinacci}, F. and {Weinberger}, R. and {Springel}, V. and 
	{Torrey}, P. and {Pillepich}, A. and {Nelson}, D. and {Pakmor}, R. and 
	{Naiman}, J. and {Hernquist}, L. and {McDonald}, M.},
    title = "{A census of cool core galaxy clusters in IllustrisTNG}",
  journal = {ArXiv e-prints},
archivePrefix = "arXiv",
   eprint = {1710.08420},
 keywords = {Astrophysics - Cosmology and Nongalactic Astrophysics, Astrophysics - Astrophysics of Galaxies},
     year = 2017,
    month = oct,
   adsurl = {http://adsabs.harvard.edu/abs/2017arXiv171008420B},
  adsnote = {Provided by the SAO/NASA Astrophysics Data System}
}

@ARTICLE{Kravtsov2012,
   author = {{Kravtsov}, A.~V. and {Borgani}, S.},
    title = "{Formation of Galaxy Clusters}",
  journal = {\araa},
archivePrefix = "arXiv",
   eprint = {1205.5556},
     year = 2012,
    month = sep,
   volume = 50,
    pages = {353-409},
      doi = {10.1146/annurev-astro-081811-125502},
   adsurl = {http://adsabs.harvard.edu/abs/2012ARA%26A..50..353K},
  adsnote = {Provided by the SAO/NASA Astrophysics Data System}
}

@ARTICLE{Moster2013,
   author = {{Moster}, B.~P. and {Naab}, T. and {White}, S.~D.~M.},
    title = "{Galactic star formation and accretion histories from matching galaxies to dark matter haloes}",
  journal = {\mnras},
archivePrefix = "arXiv",
   eprint = {1205.5807},
 keywords = {galaxies: evolution, galaxies: high-redshift, galaxies: statistics, galaxies: stellar content, cosmology: theory, dark matter},
     year = 2013,
    month = feb,
   volume = 428,
    pages = {3121-3138},
      doi = {10.1093/mnras/sts261},
   adsurl = {http://adsabs.harvard.edu/abs/2013MNRAS.428.3121M},
  adsnote = {Provided by the SAO/NASA Astrophysics Data System}
}

@ARTICLE{Guo2010,
   author = {{Guo}, Q. and {White}, S. and {Li}, C. and {Boylan-Kolchin}, M.
	},
    title = "{How do galaxies populate dark matter haloes?}",
  journal = {\mnras},
archivePrefix = "arXiv",
   eprint = {0909.4305},
 primaryClass = "astro-ph.CO",
 keywords = {galaxies: haloes, galaxies: luminosity function, mass function, cosmology: theory, dark matter, large-scale structure of Universe},
     year = 2010,
    month = may,
   volume = 404,
    pages = {1111-1120},
      doi = {10.1111/j.1365-2966.2010.16341.x},
   adsurl = {http://adsabs.harvard.edu/abs/2010MNRAS.404.1111G},
  adsnote = {Provided by the SAO/NASA Astrophysics Data System}
}

@ARTICLE{Yang2012,
   author = {{Yang}, X. and {Mo}, H.~J. and {van den Bosch}, F.~C. and {Zhang}, Y. and 
	{Han}, J.},
    title = "{Evolution of the Galaxy-Dark Matter Connection and the Assembly of Galaxies in Dark Matter Halos}",
  journal = {\apj},
archivePrefix = "arXiv",
   eprint = {1110.1420},
 keywords = {dark matter, galaxies: halos, large-scale structure of universe},
     year = 2012,
    month = jun,
   volume = 752,
      eid = {41},
    pages = {41},
      doi = {10.1088/0004-637X/752/1/41},
   adsurl = {http://adsabs.harvard.edu/abs/2012ApJ...752...41Y},
  adsnote = {Provided by the SAO/NASA Astrophysics Data System}
}

@ARTICLE{Yang2009,
   author = {{Yang}, X. and {Mo}, H.~J. and {van den Bosch}, F.~C.},
    title = "{Galaxy Groups in the SDSS DR4. III. The Luminosity and Stellar Mass Functions}",
  journal = {\apj},
archivePrefix = "arXiv",
   eprint = {0808.0539},
 keywords = {dark matter, galaxies: halos, large-scale structure of universe, methods: statistical},
     year = 2009,
    month = apr,
   volume = 695,
    pages = {900-916},
      doi = {10.1088/0004-637X/695/2/900},
   adsurl = {http://adsabs.harvard.edu/abs/2009ApJ...695..900Y},
  adsnote = {Provided by the SAO/NASA Astrophysics Data System}
}

@ARTICLE{Rodriguez-Puebla2017,
   author = {{Rodr{\'{\i}}guez-Puebla}, A. and {Primack}, J.~R. and {Avila-Reese}, V. and 
	{Faber}, S.~M.},
    title = "{Constraining the galaxy-halo connection over the last 13.3 Gyr: star formation histories, galaxy mergers and structural properties}",
  journal = {\mnras},
archivePrefix = "arXiv",
   eprint = {1703.04542},
 keywords = {galaxies: evolution, galaxies: haloes, galaxies: luminosity function, mass function, galaxies: star formation, cosmology: theory, mass function - galaxies: star formation},
     year = 2017,
    month = sep,
   volume = 470,
    pages = {651-687},
      doi = {10.1093/mnras/stx1172},
   adsurl = {http://adsabs.harvard.edu/abs/2017MNRAS.470..651R},
  adsnote = {Provided by the SAO/NASA Astrophysics Data System}
}

@ARTICLE{Schaller2015a,
   author = {{Schaller}, M. and {Frenk}, C.~S. and {Bower}, R.~G. and {Theuns}, T. and 
	{Jenkins}, A. and {Schaye}, J. and {Crain}, R.~A. and {Furlong}, M. and 
	{Dalla Vecchia}, C. and {McCarthy}, I.~G.},
    title = "{Baryon effects on the internal structure of {$\Lambda$}CDM haloes in the EAGLE simulations}",
  journal = {\mnras},
archivePrefix = "arXiv",
   eprint = {1409.8617},
 keywords = {cosmology: theory, dark matter, large-scale structure of Universe},
     year = 2015,
    month = aug,
   volume = 451,
    pages = {1247-1267},
      doi = {10.1093/mnras/stv1067},
   adsurl = {http://adsabs.harvard.edu/abs/2015MNRAS.451.1247S},
  adsnote = {Provided by the SAO/NASA Astrophysics Data System}
}

@ARTICLE{Schaller2015b,
   author = {{Schaller}, M. and {Frenk}, C.~S. and {Bower}, R.~G. and {Theuns}, T. and 
	{Trayford}, J. and {Crain}, R.~A. and {Furlong}, M. and {Schaye}, J. and 
	{Dalla Vecchia}, C. and {McCarthy}, I.~G.},
    title = "{The effect of baryons on the inner density profiles of rich clusters}",
  journal = {\mnras},
archivePrefix = "arXiv",
   eprint = {1409.8297},
 keywords = {galaxies: clusters: general, galaxies: haloes, cosmology: theory, dark matter},
     year = 2015,
    month = sep,
   volume = 452,
    pages = {343-355},
      doi = {10.1093/mnras/stv1341},
   adsurl = {http://adsabs.harvard.edu/abs/2015MNRAS.452..343S},
  adsnote = {Provided by the SAO/NASA Astrophysics Data System}
}

@ARTICLE{Lovisari2015,
   author = {{Lovisari}, L. and {Reiprich}, T.~H. and {Schellenberger}, G.
	},
    title = "{Scaling properties of a complete X-ray selected galaxy group sample}",
  journal = {\aap},
archivePrefix = "arXiv",
   eprint = {1409.3845},
 keywords = {galaxies: clusters: general, galaxies: clusters: intracluster medium, cosmology: observations, X-rays: galaxies: clusters},
     year = 2015,
    month = jan,
   volume = 573,
      eid = {A118},
    pages = {A118},
      doi = {10.1051/0004-6361/201423954},
   adsurl = {http://adsabs.harvard.edu/abs/2015A%26A...573A.118L},
  adsnote = {Provided by the SAO/NASA Astrophysics Data System}
}

@ARTICLE{Vikhlinin2009,
   author = {{Vikhlinin}, A. and {Burenin}, R.~A. and {Ebeling}, H. and {Forman}, W.~R. and 
	{Hornstrup}, A. and {Jones}, C. and {Kravtsov}, A.~V. and {Murray}, S.~S. and 
	{Nagai}, D. and {Quintana}, H. and {Voevodkin}, A.},
    title = "{Chandra Cluster Cosmology Project. II. Samples and X-Ray Data Reduction}",
  journal = {\apj},
archivePrefix = "arXiv",
   eprint = {0805.2207},
 keywords = {catalogs, galaxies: clusters: general, surveys, X-rays: galaxies},
     year = 2009,
    month = feb,
   volume = 692,
    pages = {1033-1059},
      doi = {10.1088/0004-637X/692/2/1033},
   adsurl = {http://adsabs.harvard.edu/abs/2009ApJ...692.1033V},
  adsnote = {Provided by the SAO/NASA Astrophysics Data System}
}

@ARTICLE{Gao2012,
   author = {{Gao}, L. and {Navarro}, J.~F. and {Frenk}, C.~S. and {Jenkins}, A. and 
	{Springel}, V. and {White}, S.~D.~M.},
    title = "{The Phoenix Project: the dark side of rich Galaxy clusters}",
  journal = {\mnras},
archivePrefix = "arXiv",
   eprint = {1201.1940},
 primaryClass = "astro-ph.CO",
 keywords = {methods: numerical, galaxies: haloes, dark matter },
     year = 2012,
    month = sep,
   volume = 425,
    pages = {2169-2186},
      doi = {10.1111/j.1365-2966.2012.21564.x},
   adsurl = {http://adsabs.harvard.edu/abs/2012MNRAS.425.2169G},
  adsnote = {Provided by the SAO/NASA Astrophysics Data System}
}

@ARTICLE{Springel2008,
   author = {{Springel}, V. and {Wang}, J. and {Vogelsberger}, M. and {Ludlow}, A. and 
	{Jenkins}, A. and {Helmi}, A. and {Navarro}, J.~F. and {Frenk}, C.~S. and 
	{White}, S.~D.~M.},
    title = "{The Aquarius Project: the subhaloes of galactic haloes}",
  journal = {\mnras},
archivePrefix = "arXiv",
   eprint = {0809.0898},
 keywords = {methods: numerical , dark matter},
     year = 2008,
    month = dec,
   volume = 391,
    pages = {1685-1711},
      doi = {10.1111/j.1365-2966.2008.14066.x},
   adsurl = {http://adsabs.harvard.edu/abs/2008MNRAS.391.1685S},
  adsnote = {Provided by the SAO/NASA Astrophysics Data System}
}

@ARTICLE{LeBrun2017,
   author = {{Le Brun}, A.~M.~C. and {McCarthy}, I.~G. and {Schaye}, J. and 
	{Ponman}, T.~J.},
    title = "{The scatter and evolution of the global hot gas properties of simulated galaxy cluster populations}",
  journal = {\mnras},
archivePrefix = "arXiv",
   eprint = {1606.04545},
 keywords = {galaxies: clusters: general, galaxies: groups: general, galaxies: clusters: intracluster medium, galaxies: formation, galaxies: evolution, intergalactic medium},
     year = 2017,
    month = apr,
   volume = 466,
    pages = {4442-4469},
      doi = {10.1093/mnras/stw3361},
   adsurl = {http://adsabs.harvard.edu/abs/2017MNRAS.466.4442L},
  adsnote = {Provided by the SAO/NASA Astrophysics Data System}
}

@ARTICLE{LeBrun2015,
   author = {{Le Brun}, A.~M.~C. and {McCarthy}, I.~G. and {Melin}, J.-B.
	},
    title = "{Testing Sunyaev-Zel'dovich measurements of the hot gas content of dark matter haloes using synthetic skies}",
  journal = {\mnras},
archivePrefix = "arXiv",
   eprint = {1501.05666},
 keywords = {galaxies: clusters: general, galaxies: formation, galaxies: general, galaxies: groups: general, intergalactic medium, submillimetre: galaxies},
     year = 2015,
    month = aug,
   volume = 451,
    pages = {3868-3881},
      doi = {10.1093/mnras/stv1172},
   adsurl = {http://adsabs.harvard.edu/abs/2015MNRAS.451.3868L},
  adsnote = {Provided by the SAO/NASA Astrophysics Data System}
}

@ARTICLE{Battaglia2012,
   author = {{Battaglia}, N. and {Bond}, J.~R. and {Pfrommer}, C. and {Sievers}, J.~L.
	},
    title = "{On the Cluster Physics of Sunyaev-Zel'dovich and X-Ray Surveys. I. The Influence of Feedback, Non-thermal Pressure, and Cluster Shapes on Y-M Scaling Relations}",
  journal = {\apj},
archivePrefix = "arXiv",
   eprint = {1109.3709},
 keywords = {cosmic background radiation, cosmology: theory, galaxies: clusters: general, large-scale structure of universe, methods: numerical},
     year = 2012,
    month = oct,
   volume = 758,
      eid = {74},
    pages = {74},
      doi = {10.1088/0004-637X/758/2/74},
   adsurl = {http://adsabs.harvard.edu/abs/2012ApJ...758...74B},
  adsnote = {Provided by the SAO/NASA Astrophysics Data System}
}
@ARTICLE{Kay2012,
   author = {{Kay}, S.~T. and {Peel}, M.~W. and {Short}, C.~J. and {Thomas}, P.~A. and 
	{Young}, O.~E. and {Battye}, R.~A. and {Liddle}, A.~R. and {Pearce}, F.~R.
	},
    title = "{Sunyaev-Zel'dovich clusters in Millennium gas simulations}",
  journal = {\mnras},
archivePrefix = "arXiv",
   eprint = {1112.3769},
 keywords = {hydrodynamics, methods: numerical, galaxies: clusters: general, X-rays: galaxies: clusters},
     year = 2012,
    month = may,
   volume = 422,
    pages = {1999-2023},
      doi = {10.1111/j.1365-2966.2012.20623.x},
   adsurl = {http://adsabs.harvard.edu/abs/2012MNRAS.422.1999K},
  adsnote = {Provided by the SAO/NASA Astrophysics Data System}
}

@ARTICLE{Motl2005,
   author = {{Motl}, P.~M. and {Hallman}, E.~J. and {Burns}, J.~O. and {Norman}, M.~L.
	},
    title = "{The Integrated Sunyaev-Zeldovich Effect as a Superior Method for Measuring the Mass of Clusters of Galaxies}",
  journal = {\apjl},
   eprint = {astro-ph/0502226},
 keywords = {Cosmology: Cosmic Microwave Background, Cosmology: Observations, Galaxies: Clusters: General, Hydrodynamics, Methods: Numerical},
     year = 2005,
    month = apr,
   volume = 623,
    pages = {L63-L66},
      doi = {10.1086/430144},
   adsurl = {http://adsabs.harvard.edu/abs/2005ApJ...623L..63M},
  adsnote = {Provided by the SAO/NASA Astrophysics Data System}
}

@ARTICLE{White2002,
   author = {{White}, M. and {Hernquist}, L. and {Springel}, V.},
    title = "{Simulating the Sunyaev-Zeldovich Effect(s): Including Radiative Cooling and Energy Injection by Galactic Winds}",
  journal = {\apj},
   eprint = {astro-ph/0205437},
 keywords = {Cosmology: Cosmic Microwave Background, Cosmology: Theory, Galaxies: Clusters: General, Cosmology: Large-Scale Structure of Universe, Methods: Numerical},
     year = 2002,
    month = nov,
   volume = 579,
    pages = {16-22},
      doi = {10.1086/342756},
   adsurl = {http://adsabs.harvard.edu/abs/2002ApJ...579...16W},
  adsnote = {Provided by the SAO/NASA Astrophysics Data System}
}

@ARTICLE{daSilva2004,
   author = {{da Silva}, A.~C. and {Kay}, S.~T. and {Liddle}, A.~R. and {Thomas}, P.~A.
	},
    title = "{Hydrodynamical simulations of the Sunyaev-Zel'dovich effect: cluster scaling relations and X-ray properties}",
  journal = {\mnras},
   eprint = {astro-ph/0308074},
 keywords = {hydrodynamics, methods: numerical, cosmic microwave background, X-rays: galaxies: clusters},
     year = 2004,
    month = mar,
   volume = 348,
    pages = {1401-1408},
      doi = {10.1111/j.1365-2966.2004.07463.x},
   adsurl = {http://adsabs.harvard.edu/abs/2004MNRAS.348.1401D},
  adsnote = {Provided by the SAO/NASA Astrophysics Data System}
}

@ARTICLE{daSilva2000,
   author = {{da Silva}, A.~C. and {Barbosa}, D. and {Liddle}, A.~R. and 
	{Thomas}, P.~A.},
    title = "{Hydrodynamical simulations of the Sunyaev-Zel'dovich effect}",
  journal = {\mnras},
   eprint = {astro-ph/9907224},
 keywords = {GALAXIES: CLUSTERS: GENERAL, COSMIC MICROWAVE BACKGROUND},
     year = 2000,
    month = sep,
   volume = 317,
    pages = {37-44},
      doi = {10.1046/j.1365-8711.2000.03553.x},
   adsurl = {http://adsabs.harvard.edu/abs/2000MNRAS.317...37D},
  adsnote = {Provided by the SAO/NASA Astrophysics Data System}
}

@ARTICLE{Marriage2011,
   author = {{Marriage}, T.~A. and {Acquaviva}, V. and {Ade}, P.~A.~R. and 
	{Aguirre}, P. and {Amiri}, M. and {Appel}, J.~W. and {Barrientos}, L.~F. and 
	{Battistelli}, E.~S. and {Bond}, J.~R. and {Brown}, B. and {Burger}, B. and 
	{Chervenak}, J. and {Das}, S. and {Devlin}, M.~J. and {Dicker}, S.~R. and 
	{Bertrand Doriese}, W. and {Dunkley}, J. and {D{\"u}nner}, R. and 
	{Essinger-Hileman}, T. and {Fisher}, R.~P. and {Fowler}, J.~W. and 
	{Hajian}, A. and {Halpern}, M. and {Hasselfield}, M. and {Hern{\'a}ndez-Monteagudo}, C. and 
	{Hilton}, G.~C. and {Hilton}, M. and {Hincks}, A.~D. and {Hlozek}, R. and 
	{Huffenberger}, K.~M. and {Handel Hughes}, D. and {Hughes}, J.~P. and 
	{Infante}, L. and {Irwin}, K.~D. and {Baptiste Juin}, J. and 
	{Kaul}, M. and {Klein}, J. and {Kosowsky}, A. and {Lau}, J.~M. and 
	{Limon}, M. and {Lin}, Y.-T. and {Lupton}, R.~H. and {Marsden}, D. and 
	{Martocci}, K. and {Mauskopf}, P. and {Menanteau}, F. and {Moodley}, K. and 
	{Moseley}, H. and {Netterfield}, C.~B. and {Niemack}, M.~D. and 
	{Nolta}, M.~R. and {Page}, L.~A. and {Parker}, L. and {Partridge}, B. and 
	{Quintana}, H. and {Reese}, E.~D. and {Reid}, B. and {Sehgal}, N. and 
	{Sherwin}, B.~D. and {Sievers}, J. and {Spergel}, D.~N. and 
	{Staggs}, S.~T. and {Swetz}, D.~S. and {Switzer}, E.~R. and 
	{Thornton}, R. and {Trac}, H. and {Tucker}, C. and {Warne}, R. and 
	{Wilson}, G. and {Wollack}, E. and {Zhao}, Y.},
    title = "{The Atacama Cosmology Telescope: Sunyaev-Zel'dovich-Selected Galaxy Clusters at 148 GHz in the 2008 Survey}",
  journal = {\apj},
archivePrefix = "arXiv",
   eprint = {1010.1065},
 keywords = {cosmic background radiation, cosmology: observations, galaxies: clusters: general, radio continuum: general, surveys},
     year = 2011,
    month = aug,
   volume = 737,
      eid = {61},
    pages = {61},
      doi = {10.1088/0004-637X/737/2/61},
   adsurl = {http://adsabs.harvard.edu/abs/2011ApJ...737...61M},
  adsnote = {Provided by the SAO/NASA Astrophysics Data System}
}

@ARTICLE{Staniszewski2009,
   author = {{Staniszewski}, Z. and {Ade}, P.~A.~R. and {Aird}, K.~A. and 
	{Benson}, B.~A. and {Bleem}, L.~E. and {Carlstrom}, J.~E. and 
	{Chang}, C.~L. and {Cho}, H.-M. and {Crawford}, T.~M. and {Crites}, A.~T. and 
	{de Haan}, T. and {Dobbs}, M.~A. and {Halverson}, N.~W. and 
	{Holder}, G.~P. and {Holzapfel}, W.~L. and {Hrubes}, J.~D. and 
	{Joy}, M. and {Keisler}, R. and {Lanting}, T.~M. and {Lee}, A.~T. and 
	{Leitch}, E.~M. and {Loehr}, A. and {Lueker}, M. and {McMahon}, J.~J. and 
	{Mehl}, J. and {Meyer}, S.~S. and {Mohr}, J.~J. and {Montroy}, T.~E. and 
	{Ngeow}, C.-C. and {Padin}, S. and {Plagge}, T. and {Pryke}, C. and 
	{Reichardt}, C.~L. and {Ruhl}, J.~E. and {Schaffer}, K.~K. and 
	{Shaw}, L. and {Shirokoff}, E. and {Spieler}, H.~G. and {Stalder}, B. and 
	{Stark}, A.~A. and {Vanderlinde}, K. and {Vieira}, J.~D. and 
	{Zahn}, O. and {Zenteno}, A.},
    title = "{Galaxy Clusters Discovered with a Sunyaev-Zel'dovich Effect Survey}",
  journal = {\apj},
archivePrefix = "arXiv",
   eprint = {0810.1578},
 keywords = {cosmic microwave background, cosmology: observations, galaxies: clusters: general},
     year = 2009,
    month = aug,
   volume = 701,
    pages = {32-41},
      doi = {10.1088/0004-637X/701/1/32},
   adsurl = {http://adsabs.harvard.edu/abs/2009ApJ...701...32S},
  adsnote = {Provided by the SAO/NASA Astrophysics Data System}
}
@ARTICLE{Sunyaev1970,
   author = {{Sunyaev}, R.~A. and {Zeldovich}, Y.~B.},
    title = "{Small-Scale Fluctuations of Relic Radiation}",
  journal = {\apss},
     year = 1970,
    month = apr,
   volume = 7,
    pages = {3-19},
      doi = {10.1007/BF00653471},
   adsurl = {http://adsabs.harvard.edu/abs/1970Ap%26SS...7....3S},
  adsnote = {Provided by the SAO/NASA Astrophysics Data System}
}

@ARTICLE{Vikhlinin2006,
   author = {{Vikhlinin}, A. and {Kravtsov}, A. and {Forman}, W. and {Jones}, C. and 
	{Markevitch}, M. and {Murray}, S.~S. and {Van Speybroeck}, L.
	},
    title = "{Chandra Sample of Nearby Relaxed Galaxy Clusters: Mass, Gas Fraction, and Mass-Temperature Relation}",
  journal = {\apj},
   eprint = {astro-ph/0507092},
 keywords = {Cosmology: Observations, Cosmology: Dark Matter, Galaxies: Clusters: General, X-Rays: Galaxies: Clusters},
     year = 2006,
    month = apr,
   volume = 640,
    pages = {691-709},
      doi = {10.1086/500288},
   adsurl = {http://adsabs.harvard.edu/abs/2006ApJ...640..691V},
  adsnote = {Provided by the SAO/NASA Astrophysics Data System}
}

@ARTICLE{Yang2017,
   author = {{Yang}, X. and {Zhang}, Y. and {Wang}, H. and {Liu}, C. and 
	{Lu}, T. and {Li}, S. and {Shi}, F. and {Jing}, Y.~P. and {Mo}, H.~J. and 
	{van den Bosch}, F.~C. and {Kang}, X. and {Cui}, W. and {Guo}, H. and 
	{Li}, G. and {Lim}, S.~H. and {Lu}, Y. and {Luo}, W. and {Wei}, C. and 
	{Yang}, L.},
    title = "{ELUCID V. Lighting dark matter halos with galaxies}",
  journal = {ArXiv e-prints},
archivePrefix = "arXiv",
   eprint = {1712.00883},
 keywords = {Astrophysics - Astrophysics of Galaxies},
     year = 2017,
    month = dec,
   adsurl = {http://adsabs.harvard.edu/abs/2017arXiv171200883Y},
  adsnote = {Provided by the SAO/NASA Astrophysics Data System}
}

@ARTICLE{Gonzalez2007,
   author = {{Gonzalez}, A.~H. and {Zaritsky}, D. and {Zabludoff}, A.~I.},
    title = "{A Census of Baryons in Galaxy Clusters and Groups}",
  journal = {\apj},
archivePrefix = "arXiv",
   eprint = {0705.1726},
 keywords = {Galaxies: Clusters: General, Galaxies: Elliptical and Lenticular, cD, Galaxies: Evolution, Galaxies: Formation, Galaxies: Fundamental Parameters},
     year = 2007,
    month = sep,
   volume = 666,
    pages = {147-155},
      doi = {10.1086/519729},
   adsurl = {http://adsabs.harvard.edu/abs/2007ApJ...666..147G},
  adsnote = {Provided by the SAO/NASA Astrophysics Data System}
}

@ARTICLE{Zibetti2005,
   author = {{Zibetti}, S. and {White}, S.~D.~M. and {Schneider}, D.~P. and 
	{Brinkmann}, J.},
    title = "{Intergalactic stars in z\~{} 0.25 galaxy clusters: systematic properties from stacking of Sloan Digital Sky Survey imaging data}",
  journal = {\mnras},
   eprint = {astro-ph/0501194},
 keywords = {galaxies: clusters: general, galaxies: elliptical and lenticular, cD, galaxies: evolution, galaxies: formation, galaxies: interactions, diffuse radiation},
     year = 2005,
    month = apr,
   volume = 358,
    pages = {949-967},
      doi = {10.1111/j.1365-2966.2005.08817.x},
   adsurl = {http://adsabs.harvard.edu/abs/2005MNRAS.358..949Z},
  adsnote = {Provided by the SAO/NASA Astrophysics Data System}
}

@ARTICLE{Puchwein2010,
   author = {{Puchwein}, E. and {Springel}, V. and {Sijacki}, D. and {Dolag}, K.
	},
    title = "{Intracluster stars in simulations with active galactic nucleus feedback}",
  journal = {\mnras},
archivePrefix = "arXiv",
   eprint = {1001.3018},
 keywords = {black hole physics, methods: numerical, galaxies: clusters: general, galaxies: formation, cosmology: theory},
     year = 2010,
    month = aug,
   volume = 406,
    pages = {936-951},
      doi = {10.1111/j.1365-2966.2010.16786.x},
   adsurl = {http://adsabs.harvard.edu/abs/2010MNRAS.406..936P},
  adsnote = {Provided by the SAO/NASA Astrophysics Data System}
}

@ARTICLE{Bryan1998,
   author = {{Bryan}, G.~L. and {Norman}, M.~L.},
    title = "{Statistical Properties of X-Ray Clusters: Analytic and Numerical Comparisons}",
  journal = {\apj},
   eprint = {astro-ph/9710107},
 keywords = {GALAXIES: CLUSTERS: GENERAL, METHODS: NUMERICAL, X-RAYS: GALAXIES, Galaxies: Clusters: General, Methods: Numerical, X-Rays: Galaxies},
     year = 1998,
    month = mar,
   volume = 495,
    pages = {80-99},
      doi = {10.1086/305262},
   adsurl = {http://adsabs.harvard.edu/abs/1998ApJ...495...80B},
  adsnote = {Provided by the SAO/NASA Astrophysics Data System}
}

@ARTICLE{Kauffmann1996,
   author = {{Kauffmann}, G.},
    title = "{Disc galaxies at z=0 and at high redshift: an explanation of the observed evolution of damped Lyalpha absorption systems}",
  journal = {\mnras},
   eprint = {astro-ph/9512123},
 keywords = {GALAXIES: EVOLUTION, GALAXIES: FORMATION, GALAXIES: HALOES},
     year = 1996,
    month = jul,
   volume = 281,
    pages = {475-486},
      doi = {10.1093/mnras/281.2.475},
   adsurl = {http://adsabs.harvard.edu/abs/1996MNRAS.281..475K},
  adsnote = {Provided by the SAO/NASA Astrophysics Data System}
}

@ARTICLE{Kennicutt89,
   author = {{Kennicutt}, Jr., R.~C.},
    title = "{The star formation law in galactic disks}",
  journal = {\apj},
 keywords = {Galactic Evolution, H Alpha Line, H Ii Regions, Interstellar Gas, Star Formation Rate, Emission Spectra, Gas Dynamics, Radial Distribution, Spiral Galaxies},
     year = 1989,
    month = sep,
   volume = 344,
    pages = {685-703},
      doi = {10.1086/167834},
   adsurl = {http://adsabs.harvard.edu/abs/1989ApJ...344..685K},
  adsnote = {Provided by the SAO/NASA Astrophysics Data System}
}

@INPROCEEDINGS{Kennicutt98,
   author = {{Kennicutt}, Jr., R.~C.},
    title = "{Overview: The Initial Mass Function in Galaxies}",
booktitle = {The Stellar Initial Mass Function (38th Herstmonceux Conference)},
     year = 1998,
   series = {Astronomical Society of the Pacific Conference Series},
   volume = 142,
   editor = "{G.~Gilmore \& D.~Howell}",
    pages = {1-+},
   adsurl = {http://adsabs.harvard.edu/abs/1998ASPC..142....1K},
  adsnote = {Provided by the SAO/NASA Astrophysics Data System}
}

@ARTICLE{Devriendt99,
   author = {{Devriendt}, J.~E.~G. and {Guiderdoni}, B. and {Sadat}, R.},
    title = "{Galaxy modelling. I. Spectral energy distributions from far-UV to sub-mm wavelengths}",
  journal = {\aap},
   eprint = {arXiv:astro-ph/9906332},
 keywords = {GALAXIES: EVOLUTION, GALAXIES: GENERAL},
     year = 1999,
    month = oct,
   volume = 350,
    pages = {381-398},
   adsurl = {http://adsabs.harvard.edu/abs/1999A%26A...350..381D},
  adsnote = {Provided by the SAO/NASA Astrophysics Data System}
}

@ARTICLE{Behroozi2015,
   author = {{Behroozi}, P. and {Knebe}, A. and {Pearce}, F.~R. and {Elahi}, P. and 
	{Han}, J. and {Lux}, H. and {Mao}, Y.-Y. and {Muldrew}, S.~I. and 
	{Potter}, D. and {Srisawat}, C.},
    title = "{Major mergers going Notts: challenges for modern halo finders}",
  journal = {\mnras},
archivePrefix = "arXiv",
   eprint = {1506.01405},
 keywords = {methods: numerical, galaxies: haloes, dark matter},
     year = 2015,
    month = dec,
   volume = 454,
    pages = {3020-3029},
      doi = {10.1093/mnras/stv2046},
   adsurl = {http://adsabs.harvard.edu/abs/2015MNRAS.454.3020B},
  adsnote = {Provided by the SAO/NASA Astrophysics Data System}
}

@ARTICLE{Lagana2013,
   author = {{Lagan{\'a}}, T.~F. and {Martinet}, N. and {Durret}, F. and 
	{Lima Neto}, G.~B. and {Maughan}, B. and {Zhang}, Y.-Y.},
    title = "{A comprehensive picture of baryons in groups and clusters of galaxies}",
  journal = {\aap},
archivePrefix = "arXiv",
   eprint = {1304.6061},
 primaryClass = "astro-ph.CO",
 keywords = {galaxies: clusters: general, cosmological parameters, galaxies: clusters: intracluster medium},
     year = 2013,
    month = jul,
   volume = 555,
      eid = {A66},
    pages = {A66},
      doi = {10.1051/0004-6361/201220423},
   adsurl = {http://adsabs.harvard.edu/abs/2013A%26A...555A..66L},
  adsnote = {Provided by the SAO/NASA Astrophysics Data System}
}

@ARTICLE{Eckert2016,
   author = {{Eckert}, D. and {Ettori}, S. and {Coupon}, J. and {Gastaldello}, F. and 
	{Pierre}, M. and {Melin}, J.-B. and {Le Brun}, A.~M.~C. and 
	{McCarthy}, I.~G. and {Adami}, C. and {Chiappetti}, L. and {Faccioli}, L. and 
	{Giles}, P. and {Lavoie}, S. and {Lef{\`e}vre}, J.~P. and {Lieu}, M. and 
	{Mantz}, A. and {Maughan}, B. and {McGee}, S. and {Pacaud}, F. and 
	{Paltani}, S. and {Sadibekova}, T. and {Smith}, G.~P. and {Ziparo}, F.
	},
    title = "{The XXL Survey. XIII. Baryon content of the bright cluster sample}",
  journal = {\aap},
archivePrefix = "arXiv",
   eprint = {1512.03814},
 keywords = {galaxies: clusters: general, galaxies: groups: general, X-rays: galaxies: clusters, large-scale structure of Universe, galaxies: clusters: intracluster medium},
     year = 2016,
    month = jun,
   volume = 592,
      eid = {A12},
    pages = {A12},
      doi = {10.1051/0004-6361/201527293},
   adsurl = {http://adsabs.harvard.edu/abs/2016A%26A...592A..12E},
  adsnote = {Provided by the SAO/NASA Astrophysics Data System}
}

@ARTICLE{Wu2015,
   author = {{Wu}, H.-Y. and {Evrard}, A.~E. and {Hahn}, O. and {Martizzi}, D. and 
	{Teyssier}, R. and {Wechsler}, R.~H.},
    title = "{RHAPSODY-G simulations: galaxy clusters as baryonic closed boxes and the covariance between hot gas and galaxies}",
  journal = {\mnras},
archivePrefix = "arXiv",
   eprint = {1503.03924},
 keywords = {methods: numerical, galaxies: clusters: general, cosmology: theory, X-rays: galaxies: clusters},
     year = 2015,
    month = sep,
   volume = 452,
    pages = {1982-1991},
      doi = {10.1093/mnras/stv1434},
   adsurl = {http://adsabs.harvard.edu/abs/2015MNRAS.452.1982W},
  adsnote = {Provided by the SAO/NASA Astrophysics Data System}
}

@ARTICLE{Planelles2014,
   author = {{Planelles}, S. and {Borgani}, S. and {Fabjan}, D. and {Killedar}, M. and 
	{Murante}, G. and {Granato}, G.~L. and {Ragone-Figueroa}, C. and 
	{Dolag}, K.},
    title = "{On the role of AGN feedback on the thermal and chemodynamical properties of the hot intracluster medium}",
  journal = {\mnras},
archivePrefix = "arXiv",
   eprint = {1311.0818},
 keywords = {methods: numerical, galaxies: clusters: general, cosmology: miscellaneous, X-rays: galaxies},
     year = 2014,
    month = feb,
   volume = 438,
    pages = {195-216},
      doi = {10.1093/mnras/stt2141},
   adsurl = {http://adsabs.harvard.edu/abs/2014MNRAS.438..195P},
  adsnote = {Provided by the SAO/NASA Astrophysics Data System}
}

@ARTICLE{Planelles2013,
   author = {{Planelles}, S. and {Borgani}, S. and {Dolag}, K. and {Ettori}, S. and 
	{Fabjan}, D. and {Murante}, G. and {Tornatore}, L.},
    title = "{Baryon census in hydrodynamical simulations of galaxy clusters}",
  journal = {\mnras},
archivePrefix = "arXiv",
   eprint = {1209.5058},
 keywords = {methods: numerical, galaxies: clusters: general, cosmology: miscellaneous, X-rays: galaxies},
     year = 2013,
    month = may,
   volume = 431,
    pages = {1487-1502},
      doi = {10.1093/mnras/stt265},
   adsurl = {http://adsabs.harvard.edu/abs/2013MNRAS.431.1487P},
  adsnote = {Provided by the SAO/NASA Astrophysics Data System}
}

@ARTICLE{Prada2012,
   author = {{Prada}, F. and {Klypin}, A.~A. and {Cuesta}, A.~J. and {Betancort-Rijo}, J.~E. and 
	{Primack}, J.},
    title = "{Halo concentrations in the standard {$\Lambda$} cold dark matter cosmology}",
  journal = {\mnras},
archivePrefix = "arXiv",
   eprint = {1104.5130},
 keywords = {galaxies: haloes, cosmology: theory, dark matter},
     year = 2012,
    month = jul,
   volume = 423,
    pages = {3018-3030},
      doi = {10.1111/j.1365-2966.2012.21007.x},
   adsurl = {http://adsabs.harvard.edu/abs/2012MNRAS.423.3018P},
  adsnote = {Provided by the SAO/NASA Astrophysics Data System}
}

@ARTICLE{Carlesi2012,
   author = {{Carlesi}, E. and {Knebe}, A. and {Yepes}, G. and {Gottl{\"o}ber}, S. and 
	{Jim{\'e}nez}, J.~B. and {Maroto}, A.~L.},
    title = "{N-body simulations with a cosmic vector for dark energy}",
  journal = {\mnras},
archivePrefix = "arXiv",
   eprint = {1205.1695},
 keywords = {galaxies: haloes, cosmology: theory, dark matter},
     year = 2012,
    month = jul,
   volume = 424,
    pages = {699-715},
      doi = {10.1111/j.1365-2966.2012.21258.x},
   adsurl = {http://adsabs.harvard.edu/abs/2012MNRAS.424..699C},
  adsnote = {Provided by the SAO/NASA Astrophysics Data System}
}

@ARTICLE{Dolag2004,
   author = {{Dolag}, K. and {Bartelmann}, M. and {Perrotta}, F. and {Baccigalupi}, C. and 
	{Moscardini}, L. and {Meneghetti}, M. and {Tormen}, G.},
    title = "{Numerical study of halo concentrations in dark-energy cosmologies}",
  journal = {\aap},
   eprint = {astro-ph/0309771},
 keywords = {galaxies: clusters: general, galaxies: halos, cosmology: theory},
     year = 2004,
    month = mar,
   volume = 416,
    pages = {853-864},
      doi = {10.1051/0004-6361:20031757},
   adsurl = {http://adsabs.harvard.edu/abs/2004A%26A...416..853D},
  adsnote = {Provided by the SAO/NASA Astrophysics Data System}
}

@ARTICLE{Zhao2003a,
   author = {{Zhao}, D.~H. and {Mo}, H.~J. and {Jing}, Y.~P. and {B{\"o}rner}, G.
	},
    title = "{The growth and structure of dark matter haloes}",
  journal = {\mnras},
   eprint = {astro-ph/0204108},
 keywords = {galaxies: clusters: general, galaxies: formation, cosmology: theory, dark matter, large-scale structure of Universe},
     year = 2003,
    month = feb,
   volume = 339,
    pages = {12-24},
      doi = {10.1046/j.1365-8711.2003.06135.x},
   adsurl = {http://adsabs.harvard.edu/abs/2003MNRAS.339...12Z},
  adsnote = {Provided by the SAO/NASA Astrophysics Data System}
}

@ARTICLE{Zhao2003b,
   author = {{Zhao}, D.~H. and {Jing}, Y.~P. and {Mo}, H.~J. and {B{\"o}rner}, G.
	},
    title = "{Mass and Redshift Dependence of Dark Halo Structure}",
  journal = {\apjl},
   eprint = {astro-ph/0309375},
 keywords = {Cosmology: Miscellaneous, Galaxies: Clusters: General, Methods: Numerical},
     year = 2003,
    month = nov,
   volume = 597,
    pages = {L9-L12},
      doi = {10.1086/379734},
   adsurl = {http://adsabs.harvard.edu/abs/2003ApJ...597L...9Z},
  adsnote = {Provided by the SAO/NASA Astrophysics Data System}
}

@ARTICLE{Bullock2001,
   author = {{Bullock}, J.~S. and {Kolatt}, T.~S. and {Sigad}, Y. and {Somerville}, R.~S. and 
	{Kravtsov}, A.~V. and {Klypin}, A.~A. and {Primack}, J.~R. and 
	{Dekel}, A.},
    title = "{Profiles of dark haloes: evolution, scatter and environment}",
  journal = {\mnras},
   eprint = {astro-ph/9908159},
 keywords = {GALAXIES: FORMATION, GALAXIES: STRUCTURE, COSMOLOGY: THEORY, DARK MATTER, galaxies: formation, galaxies: structure, cosmology: theory, dark matter},
     year = 2001,
    month = mar,
   volume = 321,
    pages = {559-575},
      doi = {10.1046/j.1365-8711.2001.04068.x},
   adsurl = {http://adsabs.harvard.edu/abs/2001MNRAS.321..559B},
  adsnote = {Provided by the SAO/NASA Astrophysics Data System}
}

@ARTICLE{Groener2016,
   author = {{Groener}, A.~M. and {Goldberg}, D.~M. and {Sereno}, M.},
    title = "{The galaxy cluster concentration-mass scaling relation}",
  journal = {\mnras},
archivePrefix = "arXiv",
   eprint = {1510.01961},
 keywords = {gravitational lensing: strong, gravitational lensing: weak, galaxies: clusters: general, dark matter},
     year = 2016,
    month = jan,
   volume = 455,
    pages = {892-919},
      doi = {10.1093/mnras/stv2341},
   adsurl = {http://adsabs.harvard.edu/abs/2016MNRAS.455..892G},
  adsnote = {Provided by the SAO/NASA Astrophysics Data System}
}

@ARTICLE{Merten2015,
   author = {{Merten}, J. and {Meneghetti}, M. and {Postman}, M. and {Umetsu}, K. and 
	{Zitrin}, A. and {Medezinski}, E. and {Nonino}, M. and {Koekemoer}, A. and 
	{Melchior}, P. and {Gruen}, D. and {Moustakas}, L.~A. and {Bartelmann}, M. and 
	{Host}, O. and {Donahue}, M. and {Coe}, D. and {Molino}, A. and 
	{Jouvel}, S. and {Monna}, A. and {Seitz}, S. and {Czakon}, N. and 
	{Lemze}, D. and {Sayers}, J. and {Balestra}, I. and {Rosati}, P. and 
	{Ben{\'{\i}}tez}, N. and {Biviano}, A. and {Bouwens}, R. and 
	{Bradley}, L. and {Broadhurst}, T. and {Carrasco}, M. and {Ford}, H. and 
	{Grillo}, C. and {Infante}, L. and {Kelson}, D. and {Lahav}, O. and 
	{Massey}, R. and {Moustakas}, J. and {Rasia}, E. and {Rhodes}, J. and 
	{Vega}, J. and {Zheng}, W.},
    title = "{CLASH: The Concentration-Mass Relation of Galaxy Clusters}",
  journal = {\apj},
archivePrefix = "arXiv",
   eprint = {1404.1376},
 keywords = {dark matter, galaxies: clusters: general, gravitational lensing: strong, gravitational lensing: weak},
     year = 2015,
    month = jun,
   volume = 806,
      eid = {4},
    pages = {4},
      doi = {10.1088/0004-637X/806/1/4},
   adsurl = {http://adsabs.harvard.edu/abs/2015ApJ...806....4M},
  adsnote = {Provided by the SAO/NASA Astrophysics Data System}
}

@ARTICLE{Biviano2017,
   author = {{Biviano}, A. and {Moretti}, A. and {Paccagnella}, A. and {Poggianti}, B.~M. and 
	{Bettoni}, D. and {Gullieuszik}, M. and {Vulcani}, B. and {Fasano}, G. and 
	{D'Onofrio}, M. and {Fritz}, J. and {Cava}, A.},
    title = "{The concentration-mass relation of clusters of galaxies from the OmegaWINGS survey}",
  journal = {ArXiv e-prints},
archivePrefix = "arXiv",
   eprint = {1708.07349},
 keywords = {Astrophysics - Cosmology and Nongalactic Astrophysics},
     year = 2017,
    month = aug,
   adsurl = {http://adsabs.harvard.edu/abs/2017arXiv170807349B},
  adsnote = {Provided by the SAO/NASA Astrophysics Data System}
}

@ARTICLE{Knebe2013,
   author = {{Knebe}, A. and {Pearce}, F.~R. and {Lux}, H. and {Ascasibar}, Y. and 
	{Behroozi}, P. and {Casado}, J. and {Moran}, C.~C. and {Diemand}, J. and 
	{Dolag}, K. and {Dominguez-Tenreiro}, R. and {Elahi}, P. and 
	{Falck}, B. and {Gottl{\"o}ber}, S. and {Han}, J. and {Klypin}, A. and 
	{Luki{\'c}}, Z. and {Maciejewski}, M. and {McBride}, C.~K. and 
	{Merch{\'a}n}, M.~E. and {Muldrew}, S.~I. and {Neyrinck}, M. and 
	{Onions}, J. and {Planelles}, S. and {Potter}, D. and {Quilis}, V. and 
	{Rasera}, Y. and {Ricker}, P.~M. and {Roy}, F. and {Ruiz}, A.~N. and 
	{Sgr{\'o}}, M.~A. and {Springel}, V. and {Stadel}, J. and {Sutter}, P.~M. and 
	{Tweed}, D. and {Zemp}, M.},
    title = "{Structure finding in cosmological simulations: the state of affairs}",
  journal = {\mnras},
archivePrefix = "arXiv",
   eprint = {1304.0585},
 keywords = {galaxies: evolution, galaxies: haloes, galaxies: luminosity function, mass function, galaxies: statistics, cosmology: theory, dark matter},
     year = 2013,
    month = oct,
   volume = 435,
    pages = {1618-1658},
      doi = {10.1093/mnras/stt1403},
   adsurl = {http://adsabs.harvard.edu/abs/2013MNRAS.435.1618K},
  adsnote = {Provided by the SAO/NASA Astrophysics Data System}
}

@ARTICLE{Bocquet2016,
   author = {{Bocquet}, S. and {Saro}, A. and {Dolag}, K. and {Mohr}, J.~J.
	},
    title = "{Halo mass function: baryon impact, fitting formulae, and implications for cluster cosmology}",
  journal = {\mnras},
archivePrefix = "arXiv",
   eprint = {1502.07357},
 keywords = {methods: numerical, galaxies: clusters: general, cosmological parameters, cosmology: theory, dark matter, large-scale structure of Universe},
     year = 2016,
    month = mar,
   volume = 456,
    pages = {2361-2373},
      doi = {10.1093/mnras/stv2657},
   adsurl = {http://adsabs.harvard.edu/abs/2016MNRAS.456.2361B},
  adsnote = {Provided by the SAO/NASA Astrophysics Data System}
}


@ARTICLE{Sartoris2016,
   author = {{Sartoris}, B. and {Biviano}, A. and {Fedeli}, C. and {Bartlett}, J.~G. and 
	{Borgani}, S. and {Costanzi}, M. and {Giocoli}, C. and {Moscardini}, L. and 
	{Weller}, J. and {Ascaso}, B. and {Bardelli}, S. and {Maurogordato}, S. and 
	{Viana}, P.~T.~P.},
    title = "{Next generation cosmology: constraints from the Euclid galaxy cluster survey}",
  journal = {\mnras},
archivePrefix = "arXiv",
   eprint = {1505.02165},
 keywords = {galaxies: clusters: general, cosmological parameters, cosmology: theory, dark energy, large-scale structure of Universe},
     year = 2016,
    month = jun,
   volume = 459,
    pages = {1764-1780},
      doi = {10.1093/mnras/stw630},
   adsurl = {http://adsabs.harvard.edu/abs/2016MNRAS.459.1764S},
  adsnote = {Provided by the SAO/NASA Astrophysics Data System}
}

@ARTICLE{Dolag2009,
   author = {{Dolag}, K. and {Borgani}, S. and {Murante}, G. and {Springel}, V.
	},
    title = "{Substructures in hydrodynamical cluster simulations}",
  journal = {\mnras},
archivePrefix = "arXiv",
   eprint = {0808.3401},
 keywords = {hydrodynamics , methods: numerical , galaxies: clusters: general , galaxies: evolution , cosmology: theory},
     year = 2009,
    month = oct,
   volume = 399,
    pages = {497-514},
      doi = {10.1111/j.1365-2966.2009.15034.x},
   adsurl = {http://adsabs.harvard.edu/abs/2009MNRAS.399..497D},
  adsnote = {Provided by the SAO/NASA Astrophysics Data System}
}

@ARTICLE{Knebe2011,
   author = {{Knebe}, A. and {Knollmann}, S.~R. and {Muldrew}, S.~I. and 
	{Pearce}, F.~R. and {Aragon-Calvo}, M.~A. and {Ascasibar}, Y. and 
	{Behroozi}, P.~S. and {Ceverino}, D. and {Colombi}, S. and {Diemand}, J. and 
	{Dolag}, K. and {Falck}, B.~L. and {Fasel}, P. and {Gardner}, J. and 
	{Gottl{\"o}ber}, S. and {Hsu}, C.-H. and {Iannuzzi}, F. and 
	{Klypin}, A. and {Luki{\'c}}, Z. and {Maciejewski}, M. and {McBride}, C. and 
	{Neyrinck}, M.~C. and {Planelles}, S. and {Potter}, D. and {Quilis}, V. and 
	{Rasera}, Y. and {Read}, J.~I. and {Ricker}, P.~M. and {Roy}, F. and 
	{Springel}, V. and {Stadel}, J. and {Stinson}, G. and {Sutter}, P.~M. and 
	{Turchaninov}, V. and {Tweed}, D. and {Yepes}, G. and {Zemp}, M.
	},
    title = "{Haloes gone MAD: The Halo-Finder Comparison Project}",
  journal = {\mnras},
archivePrefix = "arXiv",
   eprint = {1104.0949},
 keywords = {methods: numerical, galaxies: evolution, galaxies: haloes, cosmology: miscellaneous, cosmology: theory, dark matter},
     year = 2011,
    month = aug,
   volume = 415,
    pages = {2293-2318},
      doi = {10.1111/j.1365-2966.2011.18858.x},
   adsurl = {http://adsabs.harvard.edu/abs/2011MNRAS.415.2293K},
  adsnote = {Provided by the SAO/NASA Astrophysics Data System}
}

@ARTICLE{Knollmann2009,
   author = {{Knollmann}, S.~R. and {Knebe}, A.},
    title = "{AHF: Amiga's Halo Finder}",
  journal = {\apjs},
archivePrefix = "arXiv",
   eprint = {0904.3662},
 keywords = {methods: numerical},
     year = 2009,
    month = jun,
   volume = 182,
    pages = {608-624},
      doi = {10.1088/0067-0049/182/2/608},
   adsurl = {http://adsabs.harvard.edu/abs/2009ApJS..182..608K},
  adsnote = {Provided by the SAO/NASA Astrophysics Data System}
}

@ARTICLE{Behroozi2013,
   author = {{Behroozi}, P.~S. and {Wechsler}, R.~H. and {Wu}, H.-Y.},
    title = "{The ROCKSTAR Phase-space Temporal Halo Finder and the Velocity Offsets of Cluster Cores}",
  journal = {\apj},
archivePrefix = "arXiv",
   eprint = {1110.4372},
 primaryClass = "astro-ph.CO",
 keywords = {dark matter, methods: numerical},
     year = 2013,
    month = jan,
   volume = 762,
      eid = {109},
    pages = {109},
      doi = {10.1088/0004-637X/762/2/109},
   adsurl = {http://adsabs.harvard.edu/abs/2013ApJ...762..109B},
  adsnote = {Provided by the SAO/NASA Astrophysics Data System}
}

@ARTICLE{Okabe2016,
   author = {{Okabe}, N. and {Smith}, G.~P.},
    title = "{LoCuSS: weak-lensing mass calibration of galaxy clusters}",
  journal = {\mnras},
archivePrefix = "arXiv",
   eprint = {1507.04493},
 keywords = {gravitational lensing: weak},
     year = 2016,
    month = oct,
   volume = 461,
    pages = {3794-3821},
      doi = {10.1093/mnras/stw1539},
   adsurl = {http://adsabs.harvard.edu/abs/2016MNRAS.461.3794O},
  adsnote = {Provided by the SAO/NASA Astrophysics Data System}
}

@ARTICLE{Mantz2015,
   author = {{Mantz}, A.~B. and {Allen}, S.~W. and {Morris}, R.~G. and {Schmidt}, R.~W. and 
	{von der Linden}, A. and {Urban}, O.},
    title = "{Cosmology and astrophysics from relaxed galaxy clusters - I. Sample selection}",
  journal = {\mnras},
archivePrefix = "arXiv",
   eprint = {1502.06020},
 keywords = {galaxies: clusters: general, X-rays: galaxies: clusters},
     year = 2015,
    month = may,
   volume = 449,
    pages = {199-219},
      doi = {10.1093/mnras/stv219},
   adsurl = {http://adsabs.harvard.edu/abs/2015MNRAS.449..199M},
  adsnote = {Provided by the SAO/NASA Astrophysics Data System}
}

@ARTICLE{Mantz2016,
   author = {{Mantz}, A.~B. and {Allen}, S.~W. and {Morris}, R.~G.},
    title = "{Cosmology and astrophysics from relaxed galaxy clusters - V. Consistency with cold dark matter structure formation}",
  journal = {\mnras},
archivePrefix = "arXiv",
   eprint = {1607.04686},
 keywords = {galaxies: clusters: general, dark matter, X-rays: galaxies: clusters},
     year = 2016,
    month = oct,
   volume = 462,
    pages = {681-688},
      doi = {10.1093/mnras/stw1707},
   adsurl = {http://adsabs.harvard.edu/abs/2016MNRAS.462..681M},
  adsnote = {Provided by the SAO/NASA Astrophysics Data System}
}

@ARTICLE{Old2014,
   author = {{Old}, L. and {Skibba}, R.~A. and {Pearce}, F.~R. and {Croton}, D. and 
	{Muldrew}, S.~I. and {Mu{\~n}oz-Cuartas}, J.~C. and {Gifford}, D. and 
	{Gray}, M.~E. and {von der Linden}, A. and {Mamon}, G.~A. and 
	{Merrifield}, M.~R. and {M{\"u}ller}, V. and {Pearson}, R.~J. and 
	{Ponman}, T.~J. and {Saro}, A. and {Sepp}, T. and {Sif{\'o}n}, C. and 
	{Tempel}, E. and {Tundo}, E. and {Wang}, Y.~O. and {Wojtak}, R.
	},
    title = "{Galaxy cluster mass reconstruction project - I. Methods and first results on galaxy-based techniques}",
  journal = {\mnras},
archivePrefix = "arXiv",
   eprint = {1403.4610},
 keywords = {methods: numerical, methods: statistical, galaxies: clusters: general, galaxies: haloes, galaxies: kinematics and dynamics, cosmology: observations},
     year = 2014,
    month = jun,
   volume = 441,
    pages = {1513-1536},
      doi = {10.1093/mnras/stu545},
   adsurl = {http://adsabs.harvard.edu/abs/2014MNRAS.441.1513O},
  adsnote = {Provided by the SAO/NASA Astrophysics Data System}
}

@ARTICLE{Munari2013,
   author = {{Munari}, E. and {Biviano}, A. and {Borgani}, S. and {Murante}, G. and 
	{Fabjan}, D.},
    title = "{The relation between velocity dispersion and mass in simulated clusters of galaxies: dependence on the tracer and the baryonic physics}",
  journal = {\mnras},
archivePrefix = "arXiv",
   eprint = {1301.1682},
 primaryClass = "astro-ph.CO",
 keywords = {methods: numerical, galaxies: clusters: general, galaxies: evolution, galaxies: groups: general, galaxies: kinematics and dynamics, cosmology: theory},
     year = 2013,
    month = apr,
   volume = 430,
    pages = {2638-2649},
      doi = {10.1093/mnras/stt049},
   adsurl = {http://adsabs.harvard.edu/abs/2013MNRAS.430.2638M},
  adsnote = {Provided by the SAO/NASA Astrophysics Data System}
}

@ARTICLE{Chiu2017,
   author = {{Chiu}, I. and {Mohr}, J.~J. and {McDonald}, M. and {Bocquet}, S. and 
	{Desai}, S. and {Klein}, M. and {Israel}, H. and {Ashby}, M.~L.~N. and 
	{Stanford}, A. and {Benson}, B.~A. and {Brodwin}, M. and {Abbott}, T.~M.~C. and 
	{Abdalla}, F.~B. and {Allam}, S. and {Annis}, J. and {Bayliss}, M. and 
	{Benoit-L{\'e}vy}, A. and {Bertin}, E. and {Bleem}, L. and {Brooks}, D. and 
	{Buckley-Geer}, E. and {Bulbul}, E. and {Capasso}, R. and {Carlstrom}, J.~E. and 
	{Carnero Rosell}, A. and {Carretero}, J. and {Castander}, F.~J. and 
	{Cunha}, C.~E. and {D'Andrea}, C.~B. and {da Costa}, L.~N. and 
	{Davis}, C. and {Diehl}, H.~T. and {Dietrich}, J.~P. and {Doel}, P. and 
	{Drlica-Wagner}, A. and {Eifler}, T.~F. and {Evrard}, A.~E. and 
	{Flaugher}, B. and {Garc{\'{\i}}a-Bellido}, J. and {Garmire}, G. and 
	{Gaztanaga}, E. and {Gerdes}, D.~W. and {Gonzalez}, A. and {Gruen}, D. and 
	{Gruendl}, R.~A. and {Gschwend}, J. and {Gupta}, N. and {Gutierrez}, G. and 
	{Hlavacek-L.}, J. and {Honscheid}, K. and {James}, D.~J. and 
	{Jeltema}, T. and {Kraft}, R. and {Krause}, E. and {Kuehn}, K. and 
	{Kuhlmann}, S. and {Kuropatkin}, N. and {Lahav}, O. and {Lima}, M. and 
	{Maia}, M.~A.~G. and {Marshall}, J.~L. and {Melchior}, P. and 
	{Menanteau}, F. and {Miquel}, R. and {Murray}, S. and {Nord}, B. and 
	{Ogando}, R.~L.~C. and {Plazas}, A.~A. and {Rapetti}, D. and 
	{Reichardt}, C.~L. and {Romer}, A.~K. and {Roodman}, A. and 
	{Sanchez}, E. and {Saro}, A. and {Scarpine}, V. and {Schindler}, R. and 
	{Schubnell}, M. and {Sharon}, K. and {Smith}, M. and {Smith}, R.~C. and 
	{Soares-Santos}, M. and {Sobreira}, F. and {Stalder}, B. and 
	{Stern}, C. and {Strazzullo}, V. and {Suchyta}, E. and {Swanson}, M.~E.~C. and 
	{Tarle}, G. and {Vikram}, V. and {Walker}, A.~R. and {Weller}, J. and 
	{Zhang}, Y.},
    title = "{Baryon Content in a Sample of 91 Galaxy Clusters Selected by the South Pole Telescope at 0.2 $\lt$ z $\lt$ 1.25}",
  journal = {ArXiv e-prints},
archivePrefix = "arXiv",
   eprint = {1711.00917},
 keywords = {Astrophysics - Cosmology and Nongalactic Astrophysics},
     year = 2017,
    month = nov,
   adsurl = {http://adsabs.harvard.edu/abs/2017arXiv171100917C},
  adsnote = {Provided by the SAO/NASA Astrophysics Data System}
}

@ARTICLE{Bahe2017,
   author = {{Bah{\'e}}, Y.~M. and {Barnes}, D.~J. and {Dalla Vecchia}, C. and 
	{Kay}, S.~T. and {White}, S.~D.~M. and {McCarthy}, I.~G. and 
	{Schaye}, J. and {Bower}, R.~G. and {Crain}, R.~A. and {Theuns}, T. and 
	{Jenkins}, A. and {McGee}, S.~L. and {Schaller}, M. and {Thomas}, P.~A. and 
	{Trayford}, J.~W.},
    title = "{The Hydrangea simulations: galaxy formation in and around massive clusters}",
  journal = {\mnras},
archivePrefix = "arXiv",
   eprint = {1703.10610},
 keywords = {methods: numerical, galaxies: clusters: general, galaxies: stellar content},
     year = 2017,
    month = oct,
   volume = 470,
    pages = {4186-4208},
      doi = {10.1093/mnras/stx1403},
   adsurl = {http://adsabs.harvard.edu/abs/2017MNRAS.470.4186B},
  adsnote = {Provided by the SAO/NASA Astrophysics Data System}
}

@ARTICLE{Barnes2017b,
   author = {{Barnes}, D.~J. and {Kay}, S.~T. and {Bah{\'e}}, Y.~M. and {Dalla Vecchia}, C. and 
	{McCarthy}, I.~G. and {Schaye}, J. and {Bower}, R.~G. and {Jenkins}, A. and 
	{Thomas}, P.~A. and {Schaller}, M. and {Crain}, R.~A. and {Theuns}, T. and 
	{White}, S.~D.~M.},
    title = "{The Cluster-EAGLE project: global properties of simulated clusters with resolved galaxies}",
  journal = {\mnras},
archivePrefix = "arXiv",
   eprint = {1703.10907},
 keywords = {hydrodynamics, methods: numerical, galaxies: clusters: general, galaxies: clusters: intracluster medium, X-rays: galaxies: clusters},
     year = 2017,
    month = oct,
   volume = 471,
    pages = {1088-1106},
      doi = {10.1093/mnras/stx1647},
   adsurl = {http://adsabs.harvard.edu/abs/2017MNRAS.471.1088B},
  adsnote = {Provided by the SAO/NASA Astrophysics Data System}
}

@ARTICLE{Barnes2017a,
   author = {{Barnes}, D.~J. and {Kay}, S.~T. and {Henson}, M.~A. and {McCarthy}, I.~G. and 
	{Schaye}, J. and {Jenkins}, A.},
    title = "{The redshift evolution of massive galaxy clusters in the MACSIS simulations}",
  journal = {\mnras},
archivePrefix = "arXiv",
   eprint = {1607.04569},
 keywords = {hydrodynamics, methods: numerical, galaxies: clusters: general, galaxies: clusters: intracluster medium, galaxies: evolution, X-rays: galaxies: clusters},
     year = 2017,
    month = feb,
   volume = 465,
    pages = {213-233},
      doi = {10.1093/mnras/stw2722},
   adsurl = {http://adsabs.harvard.edu/abs/2017MNRAS.465..213B},
  adsnote = {Provided by the SAO/NASA Astrophysics Data System}
}

@ARTICLE{Sereno2015,
   author = {{Sereno}, M. and {Ettori}, S. and {Moscardini}, L.},
    title = "{CoMaLit - II. The scaling relation between mass and Sunyaev-Zel'dovich signal for Planck selected galaxy clusters}",
  journal = {\mnras},
archivePrefix = "arXiv",
   eprint = {1407.7869},
 keywords = {gravitational lensing: weak, methods: statistical, galaxies: clusters: general, galaxies: clusters: intracluster medium, galaxies: kinematics and dynamics},
     year = 2015,
    month = jul,
   volume = 450,
    pages = {3649-3664},
      doi = {10.1093/mnras/stv809},
   adsurl = {http://adsabs.harvard.edu/abs/2015MNRAS.450.3649S},
  adsnote = {Provided by the SAO/NASA Astrophysics Data System}
}

@ARTICLE{Planck2011,
   author = {{Planck Collaboration} and {Ade}, P.~A.~R. and {Aghanim}, N. and 
	{Arnaud}, M. and {Ashdown}, M. and {Aumont}, J. and {Baccigalupi}, C. and 
	{Balbi}, A. and {Banday}, A.~J. and {Barreiro}, R.~B. and et al.},
    title = "{Planck early results. VIII. The all-sky early Sunyaev-Zeldovich cluster sample}",
  journal = {\aap},
archivePrefix = "arXiv",
   eprint = {1101.2024},
 keywords = {cosmology: observations, galaxies: clusters: general, catalogs},
     year = 2011,
    month = dec,
   volume = 536,
      eid = {A8},
    pages = {A8},
      doi = {10.1051/0004-6361/201116459},
   adsurl = {http://adsabs.harvard.edu/abs/2011A%26A...536A...8P},
  adsnote = {Provided by the SAO/NASA Astrophysics Data System}
}

@ARTICLE{Planck2014,
   author = {{Planck Collaboration} and {Ade}, P.~A.~R. and {Aghanim}, N. and 
	{Armitage-Caplan}, C. and {Arnaud}, M. and {Ashdown}, M. and 
	{Atrio-Barandela}, F. and {Aumont}, J. and {Baccigalupi}, C. and 
	{Banday}, A.~J. and et al.},
    title = "{Planck 2013 results. XX. Cosmology from Sunyaev-Zeldovich cluster counts}",
  journal = {\aap},
archivePrefix = "arXiv",
   eprint = {1303.5080},
 keywords = {cosmological parameters, large-scale structure of Universe, galaxies: clusters: general},
     year = 2014,
    month = nov,
   volume = 571,
      eid = {A20},
    pages = {A20},
      doi = {10.1051/0004-6361/201321521},
   adsurl = {http://adsabs.harvard.edu/abs/2014A%26A...571A..20P},
  adsnote = {Provided by the SAO/NASA Astrophysics Data System}
}

@ARTICLE{Planck2016,
   author = {{Planck Collaboration} and {Ade}, P.~A.~R. and {Aghanim}, N. and 
	{Arnaud}, M. and {Ashdown}, M. and {Aumont}, J. and {Baccigalupi}, C. and 
	{Banday}, A.~J. and {Barreiro}, R.~B. and {Bartlett}, J.~G. and et al.},
    title = "{Planck 2015 results. XIII. Cosmological parameters}",
  journal = {\aap},
archivePrefix = "arXiv",
   eprint = {1502.01589},
 keywords = {cosmology: observations, cosmology: theory, cosmic background radiation, cosmological parameters},
     year = 2016,
    month = sep,
   volume = 594,
      eid = {A13},
    pages = {A13},
      doi = {10.1051/0004-6361/201525830},
   adsurl = {http://adsabs.harvard.edu/abs/2016A%26A...594A..13P},
  adsnote = {Provided by the SAO/NASA Astrophysics Data System}
}

@ARTICLE{Zhang2011,
   author = {{Zhang}, Y.-Y. and {Lagan{\'a}}, T.~F. and {Pierini}, D. and 
	{Puchwein}, E. and {Schneider}, P. and {Reiprich}, T.~H.},
    title = "{Star-formation efficiency and metal enrichment of the intracluster medium in local massive clusters of galaxies}",
  journal = {\aap},
archivePrefix = "arXiv",
   eprint = {1109.0390},
 keywords = {X-rays: galaxies: clusters, cosmology: observations, methods: data analysis, galaxies: clusters: general, surveys, galaxies: stellar content},
     year = 2011,
    month = nov,
   volume = 535,
      eid = {A78},
    pages = {A78},
      doi = {10.1051/0004-6361/201116803},
   adsurl = {http://adsabs.harvard.edu/abs/2011A%26A...535A..78Z},
  adsnote = {Provided by the SAO/NASA Astrophysics Data System}
}

@ARTICLE{Lin2012,
   author = {{Lin}, Y.-T. and {Stanford}, S.~A. and {Eisenhardt}, P.~R.~M. and 
	{Vikhlinin}, A. and {Maughan}, B.~J. and {Kravtsov}, A.},
    title = "{Baryon Content of Massive Galaxy Clusters at z = 0-0.6}",
  journal = {\apjl},
archivePrefix = "arXiv",
   eprint = {1112.1705},
 keywords = {galaxies: clusters: general, galaxies: clusters: intracluster medium, galaxies: elliptical and lenticular, cD, galaxies: luminosity function, mass function},
     year = 2012,
    month = jan,
   volume = 745,
      eid = {L3},
    pages = {L3},
      doi = {10.1088/2041-8205/745/1/L3},
   adsurl = {http://adsabs.harvard.edu/abs/2012ApJ...745L...3L},
  adsnote = {Provided by the SAO/NASA Astrophysics Data System}
}

@ARTICLE{Gonzalez2013,
   author = {{Gonzalez}, A.~H. and {Sivanandam}, S. and {Zabludoff}, A.~I. and 
	{Zaritsky}, D.},
    title = "{Galaxy Cluster Baryon Fractions Revisited}",
  journal = {\apj},
archivePrefix = "arXiv",
   eprint = {1309.3565},
 keywords = {galaxies: clusters: general, galaxies: elliptical and lenticular, cD, galaxies: evolution, galaxies: formation, galaxies: fundamental parameters, X-rays: galaxies: clusters},
     year = 2013,
    month = nov,
   volume = 778,
      eid = {14},
    pages = {14},
      doi = {10.1088/0004-637X/778/1/14},
   adsurl = {http://adsabs.harvard.edu/abs/2013ApJ...778...14G},
  adsnote = {Provided by the SAO/NASA Astrophysics Data System}
}

@ARTICLE{Bernardi2014,
   author = {{Bernardi}, M. and {Meert}, A. and {Vikram}, V. and {Huertas-Company}, M. and 
	{Mei}, S. and {Shankar}, F. and {Sheth}, R.~K.},
    title = "{Systematic effects on the size-luminosity relations of early- and late-type galaxies: dependence on model fitting and morphology}",
  journal = {\mnras},
 keywords = {galaxies: bulges, galaxies: elliptical and lenticular, cD, galaxies: evolution, galaxies: fundamental parameters, galaxies: photometry},
     year = 2014,
    month = sep,
   volume = 443,
    pages = {874-897},
      doi = {10.1093/mnras/stu1106},
   adsurl = {http://adsabs.harvard.edu/abs/2014MNRAS.443..874B},
  adsnote = {Provided by the SAO/NASA Astrophysics Data System}
}

@misc{sphviewer,
author       = {Alejandro Benitez-Llambay},
title        = {py-sphviewer: Py-SPHViewer v1.0.0},
month        = jul,
year         = 2015,
doi          = {10.5281/zenodo.21703},
url          = {http://dx.doi.org/10.5281/zenodo.21703}
}

@ARTICLE{Hahn2017,
   author = {{Hahn}, O. and {Martizzi}, D. and {Wu}, H.-Y. and {Evrard}, A.~E. and 
	{Teyssier}, R. and {Wechsler}, R.~H.},
    title = "{rhapsody-g simulations - I. The cool cores, hot gas and stellar content of massive galaxy clusters}",
  journal = {\mnras},
 keywords = {methods: numerical, galaxies: clusters: general, dark matter, large-scale structure of Universe, X-rays: galaxies: clusters},
     year = 2017,
    month = sep,
   volume = 470,
    pages = {166-186},
      doi = {10.1093/mnras/stx001},
   adsurl = {http://adsabs.harvard.edu/abs/2017MNRAS.470..166H},
  adsnote = {Provided by the SAO/NASA Astrophysics Data System}
}

@ARTICLE{MUSICIII,
   author = {{Sembolini}, F. and {De Petris}, M. and {Yepes}, G. and {Foschi}, E. and 
	{Lamagna}, L. and {Gottl{\"o}ber}, S.},
    title = "{The MUSIC of Galaxy Clusters - III. Properties, evolution and Y-M scaling relation of protoclusters of galaxies}",
  journal = {\mnras},
archivePrefix = "arXiv",
   eprint = {1309.5387},
 keywords = {methods: numerical, galaxies: clusters: general, cosmology: miscellaneous, cosmology: theory},
     year = 2014,
    month = jun,
   volume = 440,
    pages = {3520-3531},
      doi = {10.1093/mnras/stu554},
   adsurl = {http://adsabs.harvard.edu/abs/2014MNRAS.440.3520S},
  adsnote = {Provided by the SAO/NASA Astrophysics Data System}
}

@ARTICLE{MUSICII,
   author = {{Biffi}, V. and {Sembolini}, F. and {De Petris}, M. and {Valdarnini}, R. and 
	{Yepes}, G. and {Gottl{\"o}ber}, S.},
    title = "{The MUSIC of galaxy clusters - II. X-ray global properties and scaling relations}",
  journal = {\mnras},
archivePrefix = "arXiv",
   eprint = {1401.2992},
 primaryClass = "astro-ph.CO",
 keywords = {hydrodynamics, methods: numerical, galaxies: clusters: intracluster medium, X-rays: galaxies: clusters},
     year = 2014,
    month = mar,
   volume = 439,
    pages = {588-603},
      doi = {10.1093/mnras/stu018},
   adsurl = {http://adsabs.harvard.edu/abs/2014MNRAS.439..588B},
  adsnote = {Provided by the SAO/NASA Astrophysics Data System}
}

@ARTICLE{MUSICI,
   author = {{Sembolini}, F. and {Yepes}, G. and {De Petris}, M. and {Gottl{\"o}ber}, S. and 
	{Lamagna}, L. and {Comis}, B.},
    title = "{The MUSIC of galaxy clusters - I. Baryon properties and scaling relations of the thermal Sunyaev-Zel'dovich effect}",
  journal = {\mnras},
archivePrefix = "arXiv",
   eprint = {1207.4438},
 keywords = {methods: numerical, galaxies: clusters: general, cosmology: miscellaneous, cosmology: theory, gamma-rays: galaxies: clusters},
     year = 2013,
    month = feb,
   volume = 429,
    pages = {323-343},
      doi = {10.1093/mnras/sts339},
   adsurl = {http://adsabs.harvard.edu/abs/2013MNRAS.429..323S},
  adsnote = {Provided by the SAO/NASA Astrophysics Data System}
}

@ARTICLE{ZuHone2014,
   author = {{ZuHone}, J.~A. and {Biffi}, V. and {Hallman}, E.~J. and {Randall}, S.~W. and 
	{Foster}, A.~R. and {Schmid}, C.},
    title = "{Simulating X-ray Observations with Python}",
  journal = {ArXiv e-prints},
archivePrefix = "arXiv",
   eprint = {1407.1783},
 primaryClass = "astro-ph.IM",
 keywords = {Astrophysics - Instrumentation and Methods for Astrophysics, Astrophysics - Cosmology and Nongalactic Astrophysics},
     year = 2014,
    month = jul,
   adsurl = {http://adsabs.harvard.edu/abs/2014arXiv1407.1783Z},
  adsnote = {Provided by the SAO/NASA Astrophysics Data System}
}

@ARTICLE{Biffi2012,
   author = {{Biffi}, V. and {Dolag}, K. and {B{\"o}hringer}, H. and {Lemson}, G.
	},
    title = "{Observing simulated galaxy clusters with PHOX: a novel X-ray photon simulator}",
  journal = {\mnras},
archivePrefix = "arXiv",
   eprint = {1112.0314},
 keywords = {hydrodynamics, methods: numerical, galaxies: clusters: general},
     year = 2012,
    month = mar,
   volume = 420,
    pages = {3545-3556},
      doi = {10.1111/j.1365-2966.2011.20278.x},
   adsurl = {http://adsabs.harvard.edu/abs/2012MNRAS.420.3545B},
  adsnote = {Provided by the SAO/NASA Astrophysics Data System}
}

@ARTICLE{Biffi2013,
   author = {{Biffi}, V. and {Dolag}, K. and {B{\"o}hringer}, H.},
    title = "{Investigating the velocity structure and X-ray observable properties of simulated galaxy clusters with PHOX}",
  journal = {\mnras},
archivePrefix = "arXiv",
   eprint = {1210.4158},
 keywords = {hydrodynamics, methods: numerical, X-rays: galaxies: clusters},
     year = 2013,
    month = jan,
   volume = 428,
    pages = {1395-1409},
      doi = {10.1093/mnras/sts120},
   adsurl = {http://adsabs.harvard.edu/abs/2013MNRAS.428.1395B},
  adsnote = {Provided by the SAO/NASA Astrophysics Data System}
}

@ARTICLE{Rasia2015,
   author = {{Rasia}, E. and {Borgani}, S. and {Murante}, G. and {Planelles}, S. and 
	{Beck}, A.~M. and {Biffi}, V. and {Ragone-Figueroa}, C. and 
	{Granato}, G.~L. and {Steinborn}, L.~K. and {Dolag}, K.},
    title = "{Cool Core Clusters from Cosmological Simulations}",
  journal = {\apjl},
archivePrefix = "arXiv",
   eprint = {1509.04247},
 keywords = {galaxies: clusters: general, galaxies: clusters: intracluster medium, methods: numerical, X-rays: galaxies: clusters},
     year = 2015,
    month = nov,
   volume = 813,
      eid = {L17},
    pages = {L17},
      doi = {10.1088/2041-8205/813/1/L17},
   adsurl = {http://adsabs.harvard.edu/abs/2015ApJ...813L..17R},
  adsnote = {Provided by the SAO/NASA Astrophysics Data System}
}

@ARTICLE{Steinborn2015,
   author = {{Steinborn}, L.~K. and {Dolag}, K. and {Hirschmann}, M. and 
	{Prieto}, M.~A. and {Remus}, R.-S.},
    title = "{A refined sub-grid model for black hole accretion and AGN feedback in large cosmological simulations}",
  journal = {\mnras},
archivePrefix = "arXiv",
   eprint = {1409.3221},
 keywords = {black hole physics, methods: numerical, galaxies: active, galaxies: evolution, galaxies: nuclei, quasars: supermassive black holes},
     year = 2015,
    month = apr,
   volume = 448,
    pages = {1504-1525},
      doi = {10.1093/mnras/stv072},
   adsurl = {http://adsabs.harvard.edu/abs/2015MNRAS.448.1504S},
  adsnote = {Provided by the SAO/NASA Astrophysics Data System}
}

@ARTICLE{vandenHoek1997,
   author = {{van den Hoek}, L.~B. and {Groenewegen}, M.~A.~T.},
    title = "{New theoretical yields of intermediate mass stars}",
  journal = {\aaps},
 keywords = {STARS: ABUNDANCES, EVOLUTION, AGB, ISM: ABUNDANCES, GALAXIES: ABUNDANCES},
     year = 1997,
    month = jun,
   volume = 123,
    pages = {305-328},
      doi = {10.1051/aas:1997162},
   adsurl = {http://adsabs.harvard.edu/abs/1997A%26AS..123..305V},
  adsnote = {Provided by the SAO/NASA Astrophysics Data System}
}

@ARTICLE{Woosley1995,
   author = {{Woosley}, S.~E. and {Weaver}, T.~A.},
    title = "{The Evolution and Explosion of Massive Stars. II. Explosive Hydrodynamics and Nucleosynthesis}",
  journal = {\apjs},
 keywords = {HYDRODYNAMICS, NUCLEAR REACTIONS, NUCLEOSYNTHESIS, ABUNDANCES, STARS: EVOLUTION, STARS: INTERIORS, STARS: SUPERNOVAE: GENERAL},
     year = 1995,
    month = nov,
   volume = 101,
    pages = {181},
      doi = {10.1086/192237},
   adsurl = {http://adsabs.harvard.edu/abs/1995ApJS..101..181W},
  adsnote = {Provided by the SAO/NASA Astrophysics Data System}
}

@ARTICLE{Thielemann2003,
   author = {{Thielemann}, F.-K. and {Argast}, D. and {Brachwitz}, F. and 
	{Hix}, W.~R. and {H{\"o}flich}, P. and {Liebend{\"o}rfer}, M. and 
	{Martinez-Pinedo}, G. and {Mezzacappa}, A. and {Panov}, I. and 
	{Rauscher}, T.},
    title = "{Nuclear cross sections, nuclear structure and stellar nucleosynthesis}",
  journal = {Nuclear Physics A},
     year = 2003,
    month = may,
   volume = 718,
    pages = {139-146},
      doi = {10.1016/S0375-9474(03)00704-8},
   adsurl = {http://adsabs.harvard.edu/abs/2003NuPhA.718..139T},
  adsnote = {Provided by the SAO/NASA Astrophysics Data System}
}

@ARTICLE{Chabrier2003,
   author = {{Chabrier}, G.},
    title = "{Galactic Stellar and Substellar Initial Mass Function}",
  journal = {\pasp},
   eprint = {astro-ph/0304382},
 keywords = {Galaxies: Luminosity Function, Mass Function, Invited Reviews},
     year = 2003,
    month = jul,
   volume = 115,
    pages = {763-795},
      doi = {10.1086/376392},
   adsurl = {http://adsabs.harvard.edu/abs/2003PASP..115..763C},
  adsnote = {Provided by the SAO/NASA Astrophysics Data System}
}

@ARTICLE{Tornatore2007,
   author = {{Tornatore}, L. and {Borgani}, S. and {Dolag}, K. and {Matteucci}, F.
	},
    title = "{Chemical enrichment of galaxy clusters from hydrodynamical simulations}",
  journal = {\mnras},
archivePrefix = "arXiv",
   eprint = {0705.1921},
 keywords = {methods: numerical, intergalactic medium, cosmology: theory, X-rays: galaxies: clusters},
     year = 2007,
    month = dec,
   volume = 382,
    pages = {1050-1072},
      doi = {10.1111/j.1365-2966.2007.12070.x},
   adsurl = {http://adsabs.harvard.edu/abs/2007MNRAS.382.1050T},
  adsnote = {Provided by the SAO/NASA Astrophysics Data System}
}

@ARTICLE{Wiersma2009,
   author = {{Wiersma}, R.~P.~C. and {Schaye}, J. and {Smith}, B.~D.},
    title = "{The effect of photoionization on the cooling rates of enriched, astrophysical plasmas}",
  journal = {\mnras},
archivePrefix = "arXiv",
   eprint = {0807.3748},
 keywords = {atomic processes , plasmas , cooling flows , galaxies: formation , intergalactic medium},
     year = 2009,
    month = feb,
   volume = 393,
    pages = {99-107},
      doi = {10.1111/j.1365-2966.2008.14191.x},
   adsurl = {http://adsabs.harvard.edu/abs/2009MNRAS.393...99W},
  adsnote = {Provided by the SAO/NASA Astrophysics Data System}
}

@ARTICLE{Haardt1996,
   author = {{Haardt}, F. and {Madau}, P.},
    title = "{Radiative Transfer in a Clumpy Universe. II. The Ultraviolet Extragalactic Background}",
  journal = {\apj},
   eprint = {astro-ph/9509093},
 keywords = {COSMOLOGY: THEORY, COSMOLOGY: DIFFUSE RADIATION, GALAXIES: INTERGALACTIC MEDIUM, GALAXIES: QUASARS: ABSORPTION LINES, RADIATIVE TRANSFER},
     year = 1996,
    month = apr,
   volume = 461,
    pages = {20},
      doi = {10.1086/177035},
   adsurl = {http://adsabs.harvard.edu/abs/1996ApJ...461...20H},
  adsnote = {Provided by the SAO/NASA Astrophysics Data System}
}

@ARTICLE{McCarthy2017,
   author = {{McCarthy}, I.~G. and {Schaye}, J. and {Bird}, S. and {Le Brun}, A.~M.~C.
	},
    title = "{The BAHAMAS project: calibrated hydrodynamical simulations for large-scale structure cosmology}",
  journal = {\mnras},
archivePrefix = "arXiv",
   eprint = {1603.02702},
 keywords = {galaxies: clusters: general, galaxies: haloes, cosmology: theory, large-scale structure of Universe},
     year = 2017,
    month = mar,
   volume = 465,
    pages = {2936-2965},
      doi = {10.1093/mnras/stw2792},
   adsurl = {http://adsabs.harvard.edu/abs/2017MNRAS.465.2936M},
  adsnote = {Provided by the SAO/NASA Astrophysics Data System}
}

@ARTICLE{Beck2016,
   author = {{Beck}, A.~M. and {Murante}, G. and {Arth}, A. and {Remus}, R.-S. and 
	{Teklu}, A.~F. and {Donnert}, J.~M.~F. and {Planelles}, S. and 
	{Beck}, M.~C. and {F{\"o}rster}, P. and {Imgrund}, M. and {Dolag}, K. and 
	{Borgani}, S.},
    title = "{An improved SPH scheme for cosmological simulations}",
  journal = {\mnras},
archivePrefix = "arXiv",
   eprint = {1502.07358},
 keywords = {hydrodynamics, methods: numerical},
     year = 2016,
    month = jan,
   volume = 455,
    pages = {2110-2130},
      doi = {10.1093/mnras/stv2443},
   adsurl = {http://adsabs.harvard.edu/abs/2016MNRAS.455.2110B},
  adsnote = {Provided by the SAO/NASA Astrophysics Data System}
}

@ARTICLE{Salpeter1955,
   author = {{Salpeter}, E.~E.},
    title = "{The Luminosity Function and Stellar Evolution.}",
  journal = {\apj},
     year = 1955,
    month = jan,
   volume = 121,
    pages = {161},
      doi = {10.1086/145971},
   adsurl = {http://adsabs.harvard.edu/abs/1955ApJ...121..161S},
  adsnote = {Provided by the SAO/NASA Astrophysics Data System}
}

@ARTICLE{Springel2003,
   author = {{Springel}, V. and {Hernquist}, L.},
    title = "{Cosmological smoothed particle hydrodynamics simulations: a hybrid multiphase model for star formation}",
  journal = {\mnras},
   eprint = {astro-ph/0206393},
 keywords = {methods: numerical, galaxies: evolution, galaxies: formation},
     year = 2003,
    month = feb,
   volume = 339,
    pages = {289-311},
      doi = {10.1046/j.1365-8711.2003.06206.x},
   adsurl = {http://adsabs.harvard.edu/abs/2003MNRAS.339..289S},
  adsnote = {Provided by the SAO/NASA Astrophysics Data System}
}

@ARTICLE{Springel2005,
   author = {{Springel}, V.},
    title = "{The cosmological simulation code GADGET-2}",
  journal = {\mnras},
   eprint = {astro-ph/0505010},
 keywords = {methods: numerical, galaxies: interactions, dark matter},
     year = 2005,
    month = dec,
   volume = 364,
    pages = {1105-1134},
      doi = {10.1111/j.1365-2966.2005.09655.x},
   adsurl = {http://adsabs.harvard.edu/abs/2005MNRAS.364.1105S},
  adsnote = {Provided by the SAO/NASA Astrophysics Data System}
}

@INPROCEEDINGS{Haardt2001,
   author = {{Haardt}, F. and {Madau}, P.},
    title = "{Modelling the UV/X-ray cosmic background with CUBA}",
booktitle = {Clusters of Galaxies and the High Redshift Universe Observed in X-rays},
     year = 2001,
   eprint = {astro-ph/0106018},
   editor = {{Neumann}, D.~M. and {Tran}, J.~T.~V.},
   adsurl = {http://adsabs.harvard.edu/abs/2001cghr.confE..64H},
  adsnote = {Provided by the SAO/NASA Astrophysics Data System}
}

%%%%%%%%%%%%%%%%%%%%%%%%%%% TOOLS %%%%%%%%%%%%%%%%%%%%%%%%%%%%%%%%%%%%%%%%%%%%%%%%%%%%%%%%%%%%%%%%%
@Article{ipython,
  Author    = {P\'erez, Fernando and Granger, Brian E.},
  Title     = {{IP}ython: a System for Interactive Scientific Computing},
  Journal   = {Computing in Science and Engineering},
  Volume    = {9},
  Number    = {3},
  Pages     = {21--29},
  month     = may,
  year      = 2007,
  url       = "http://ipython.org",
  ISSN      = "1521-9615",
  doi       = {10.1109/MCSE.2007.53},
  publisher = {IEEE Computer Society},
}
@article{NumPy,
  author    = {St{\'{e}}fan van der Walt and S. Chris Colbert and Ga{\"{e}}l Varoquaux},
  title     = {The NumPy array: a structure for efficient numerical computation},
  journal   = {CoRR},
  volume    = {abs/1102.1523},
  year      = {2011},
  url       = {http://arxiv.org/abs/1102.1523},
  timestamp = {Mon, 05 Dec 2011 18:04:55 +0100},
  biburl    = {http://dblp.uni-trier.de/rec/bib/journals/corr/abs-1102-1523},
  bibsource = {dblp computer science bibliography, http://dblp.org}
}

@article{Scipya,
   author = {Oliphant, Travis E.},
   title = {Python for Scientific Computing},
   journal = {Computing in Science and Engg.},
   issue_date = {May 2007},
   volume = {9},
   number = {3},
   month = may,
   year = {2007},
   issn = {1521-9615},
   pages = {10--20},
   numpages = {11},
   url = {http://dx.doi.org/10.1109/MCSE.2007.58},
   doi = {10.1109/MCSE.2007.58},
   acmid = {1251830},
   publisher = {IEEE Educational Activities Department},
   address = {Piscataway, NJ, USA},
   keywords = {Python, Python, computer languages, scientific programming, scientific computing, computer languages, scientific computing, scientific programming},
}

@article{Scipyb,
  author = {Millman, K. Jarrod and Aivazis, Michael},
  biburl = {https://www.bibsonomy.org/bibtex/229c4ef00c49df188fc779ac660d2ab24/dblp},
  ee = {http://doi.ieeecomputersociety.org/10.1109/MCSE.2011.36},
  interhash = {7649fcf7b275a4de6d14da3cce20596c},
  intrahash = {29c4ef00c49df188fc779ac660d2ab24},
  journal = {Computing in Science and Engineering},
  keywords = {dblp},
  number = 2,
  pages = {9-12},
  timestamp = {2016-01-13T11:56:29.000+0100},
  title = {Python for Scientists and Engineers.},
  url = {http://dblp.uni-trier.de/db/journals/cse/cse13.html#MillmanA11},
  volume = 13,
  year = 2011
}

@Article{Matplotlib,
  Author    = {Hunter, J. D.},
  Title     = {Matplotlib: A 2D graphics environment},
  Journal   = {Computing In Science \& Engineering},
  Volume    = {9},
  Number    = {3},
  Pages     = {90--95},
  abstract  = {Matplotlib is a 2D graphics package used for Python
  for application development, interactive scripting, and
  publication-quality image generation across user
  interfaces and operating systems.},
  publisher = {IEEE COMPUTER SOC},
  year      = 2007
}

%%%%%%%%%%%%%%%%%%%%%%%%%%%%% My publications %%%%%%%%%%%%%%%%%%%%%%%%%%%%%%%%%%%%%%%%%%%%%%%%%%%
@BOOK{CuiBC2017,
author = {Cui, Weiguang and Zhang, Youcai},
booktitle = {Book: Trends in Modern Cosmology},
doi = {10.5772/68116},
isbn = {978-953-51-3210-3},
keywords = {Chapter,baryonic models,hydro-dynamical simulation,large-scale structure,simulation,statistical methods},
pages = {137--158},
publisher = {Intech},
title = {{The Impact of Baryons on the Large-Scale Structure of the Universe}},
url = {http://dx.doi.org/10.5772/68116},
year = {2017}
}

@ARTICLE{Cui2018,
   author = {{Cui}, W. and {Knebe}, A. and {Yepes}, G. and {Yang}, X. and
	{Borgani}, S. and {Kang}, X. and {Power}, C. and {Staveley-Smith}, L.
	},
    title = "{The large-scale environment from cosmological simulations - I. The baryonic cosmic web}",
  journal = {\mnras},
archivePrefix = "arXiv",
   eprint = {1708.02302},
 keywords = {dark matter, large-scale structure of Universe, cosmology: theory},
     year = 2018,
    month = jan,
   volume = 473,
    pages = {68-79},
      doi = {10.1093/mnras/stx2323},
   adsurl = {http://adsabs.harvard.edu/abs/2018MNRAS.473...68C},
  adsnote = {Provided by the SAO/NASA Astrophysics Data System}
}

@ARTICLE{Wang2017,
   author = {{Wang}, H. and {Mo}, H.~J. and {Chen}, S. and {Yang}, Y. and
	{Yang}, X. and {Wang}, E. and {van den Bosch}, F.~C. and {Jing}, Y. and
	{Kang}, X. and {Lin}, W. and {Lim}, S.~H. and {Huang}, S. and
	{Lu}, Y. and {Li}, S. and {Cui}, W. and {Zhang}, Y. and {Tweed}, D. and
	{Wei}, C. and {Li}, G. and {Shi}, F.},
    title = "{ELUCID IV: Galaxy Quenching and its Relation to Halo Mass, Environment, and Assembly Bias}",
  journal = {ArXiv e-prints},
archivePrefix = "arXiv",
   eprint = {1707.09002},
 keywords = {Astrophysics - Astrophysics of Galaxies},
     year = 2017,
    month = jul,
   adsurl = {http://adsabs.harvard.edu/abs/2017arXiv170709002W},
  adsnote = {Provided by the SAO/NASA Astrophysics Data System}
}

@ARTICLE{Pujol2017,
   author = {{Pujol}, A. and {Skibba}, R.~A. and {Gazta{\~n}aga}, E. and
	{Benson}, A. and {Blaizot}, J. and {Bower}, R. and {Carretero}, J. and
	{Castander}, F.~J. and {Cattaneo}, A. and {Cora}, S.~A. and
	{Croton}, D.~J. and {Cui}, W. and {Cunnama}, D. and {De Lucia}, G. and
	{Devriendt}, J.~E. and {Elahi}, P.~J. and {Font}, A. and {Fontanot}, F. and
	{Garcia-Bellido}, J. and {Gargiulo}, I.~D. and {Gonzalez-Perez}, V. and
	{Helly}, J. and {Henriques}, B.~M.~B. and {Hirschmann}, M. and
	{Knebe}, A. and {Lee}, J. and {Mamon}, G.~A. and {Monaco}, P. and
	{Onions}, J. and {Padilla}, N.~D. and {Pearce}, F.~R. and {Power}, C. and
	{Somerville}, R.~S. and {Srisawat}, C. and {Thomas}, P.~A. and
	{Tollet}, E. and {Vega-Mart{\'{\i}}nez}, C.~A. and {Yi}, S.~K.
	},
    title = "{nIFTy cosmology: the clustering consistency of galaxy formation models}",
  journal = {\mnras},
archivePrefix = "arXiv",
   eprint = {1702.02620},
 keywords = {methods: numerical, galaxies: haloes, cosmology: theory},
     year = 2017,
    month = jul,
   volume = 469,
    pages = {749-762},
      doi = {10.1093/mnras/stx913},
   adsurl = {http://adsabs.harvard.edu/abs/2017MNRAS.469..749P},
  adsnote = {Provided by the SAO/NASA Astrophysics Data System}
}

@ARTICLE{Tweed2017,
   author = {{Tweed}, D. and {Yang}, X. and {Wang}, H. and {Cui}, W. and
	{Zhang}, Y. and {Li}, S. and {Jing}, Y.~P. and {Mo}, H.~J.},
    title = "{ELUCID{\mdash}Exploring the Local Universe with the reConstructed Initial Density Field. II. Reconstruction Diagnostics, Applied to Numerical Halo Catalogs}",
  journal = {\apj},
archivePrefix = "arXiv",
   eprint = {1704.03675},
 keywords = {galaxies: formation, galaxies: structure, methods: numerical},
     year = 2017,
    month = may,
   volume = 841,
      eid = {55},
    pages = {55},
      doi = {10.3847/1538-4357/aa6bf8},
   adsurl = {http://adsabs.harvard.edu/abs/2017ApJ...841...55T},
  adsnote = {Provided by the SAO/NASA Astrophysics Data System}
}

@ARTICLE{Arthur2017,
   author = {{Arthur}, J. and {Pearce}, F.~R. and {Gray}, M.~E. and {Elahi}, P.~J. and
	{Knebe}, A. and {Beck}, A.~M. and {Cui}, W. and {Cunnama}, D. and
	{Dav{\'e}}, R. and {February}, S. and {Huang}, S. and {Katz}, N. and
	{Kay}, S.~T. and {McCarthy}, I.~G. and {Murante}, G. and {Perret}, V. and
	{Power}, C. and {Puchwein}, E. and {Saro}, A. and {Sembolini}, F. and
	{Teyssier}, R. and {Yepes}, G.},
    title = "{nIFTy galaxy cluster simulations - V. Investigation of the cluster infall region}",
  journal = {\mnras},
archivePrefix = "arXiv",
   eprint = {1609.07311},
 keywords = {methods: numerical, galaxies: clusters: general, dark matter},
     year = 2017,
    month = jan,
   volume = 464,
    pages = {2027-2038},
      doi = {10.1093/mnras/stw2424},
   adsurl = {http://adsabs.harvard.edu/abs/2017MNRAS.464.2027A},
  adsnote = {Provided by the SAO/NASA Astrophysics Data System}
}

@ARTICLE{Cui2017,
   author = {{Cui}, W. and {Power}, C. and {Borgani}, S. and {Knebe}, A. and
	{Lewis}, G.~F. and {Murante}, G. and {Poole}, G.~B.},
    title = "{On the dynamical state of galaxy clusters: insights from cosmological simulations - II.}",
  journal = {\mnras},
archivePrefix = "arXiv",
   eprint = {1605.07617},
 keywords = {galaxies: clusters: general, galaxies: evolution, galaxies: haloes, galaxies: kinematics and dynamics, cosmology: theory},
     year = 2017,
    month = jan,
   volume = 464,
    pages = {2502-2510},
      doi = {10.1093/mnras/stw2567},
   adsurl = {http://adsabs.harvard.edu/abs/2017MNRAS.464.2502C},
  adsnote = {Provided by the SAO/NASA Astrophysics Data System}
}

@ARTICLE{Sembolini2016a,
   author = {{Sembolini}, F. and {Elahi}, P.~J. and {Pearce}, F.~R. and {Power}, C. and
	{Knebe}, A. and {Kay}, S.~T. and {Cui}, W. and {Yepes}, G. and
	{Beck}, A.~M. and {Borgani}, S. and {Cunnama}, D. and {Dav{\'e}}, R. and
	{February}, S. and {Huang}, S. and {Katz}, N. and {McCarthy}, I.~G. and
	{Murante}, G. and {Newton}, R.~D.~A. and {Perret}, V. and {Puchwein}, E. and
	{Saro}, A. and {Schaye}, J. and {Teyssier}, R.},
    title = "{nIFTy galaxy cluster simulations - II. Radiative models}",
  journal = {\mnras},
archivePrefix = "arXiv",
   eprint = {1511.03731},
 keywords = {methods: numerical, galaxies: haloes, cosmology: theory, dark matter},
     year = 2016,
    month = jul,
   volume = 459,
    pages = {2973-2991},
      doi = {10.1093/mnras/stw800},
   adsurl = {http://adsabs.harvard.edu/abs/2016MNRAS.459.2973S},
  adsnote = {Provided by the SAO/NASA Astrophysics Data System}
}

@ARTICLE{Cui2016b,
   author = {{Cui}, W. and {Power}, C. and {Knebe}, A. and {Kay}, S.~T. and
	{Sembolini}, F. and {Elahi}, P.~J. and {Yepes}, G. and {Pearce}, F. and
	{Cunnama}, D. and {Beck}, A.~M. and {Dalla Vecchia}, C. and
	{Dav{\'e}}, R. and {February}, S. and {Huang}, S. and {Hobbs}, A. and
	{Katz}, N. and {McCarthy}, I.~G. and {Murante}, G. and {Perret}, V. and
	{Puchwein}, E. and {Read}, J.~I. and {Saro}, A. and {Teyssier}, R. and
	{Thacker}, R.~J.},
    title = "{nIFTy galaxy cluster simulations - IV. Quantifying the influence of baryons on halo properties}",
  journal = {\mnras},
archivePrefix = "arXiv",
   eprint = {1602.06668},
 keywords = {methods: numerical, galaxies: clusters: general, galaxies: evolution, galaxies: formation, galaxies: haloes, cosmology: theory},
     year = 2016,
    month = jun,
   volume = 458,
    pages = {4052-4073},
      doi = {10.1093/mnras/stw603},
   adsurl = {http://adsabs.harvard.edu/abs/2016MNRAS.458.4052C},
  adsnote = {Provided by the SAO/NASA Astrophysics Data System}
}

@ARTICLE{Elahi2016,
   author = {{Elahi}, P.~J. and {Knebe}, A. and {Pearce}, F.~R. and {Power}, C. and
	{Yepes}, G. and {Cui}, W. and {Cunnama}, D. and {Kay}, S.~T. and
	{Sembolini}, F. and {Beck}, A.~M. and {Dav{\'e}}, R. and {February}, S. and
	{Huang}, S. and {Katz}, N. and {McCarthy}, I.~G. and {Murante}, G. and
	{Perret}, V. and {Puchwein}, E. and {Saro}, A. and {Teyssier}, R.
	},
    title = "{nIFTY galaxy cluster simulations - III. The similarity and diversity of galaxies and subhaloes}",
  journal = {\mnras},
archivePrefix = "arXiv",
   eprint = {1511.08255},
 keywords = {methods: numerical, galaxies: clusters: general, dark matter},
     year = 2016,
    month = may,
   volume = 458,
    pages = {1096-1116},
      doi = {10.1093/mnras/stw338},
   adsurl = {http://adsabs.harvard.edu/abs/2016MNRAS.458.1096E},
  adsnote = {Provided by the SAO/NASA Astrophysics Data System}
}

@ARTICLE{Sembolini2016,
   author = {{Sembolini}, F. and {Yepes}, G. and {Pearce}, F.~R. and {Knebe}, A. and
	{Kay}, S.~T. and {Power}, C. and {Cui}, W. and {Beck}, A.~M. and
	{Borgani}, S. and {Dalla Vecchia}, C. and {Dav{\'e}}, R. and
	{Elahi}, P.~J. and {February}, S. and {Huang}, S. and {Hobbs}, A. and
	{Katz}, N. and {Lau}, E. and {McCarthy}, I.~G. and {Murante}, G. and
	{Nagai}, D. and {Nelson}, K. and {Newton}, R.~D.~A. and {Perret}, V. and
	{Puchwein}, E. and {Read}, J.~I. and {Saro}, A. and {Schaye}, J. and
	{Teyssier}, R. and {Thacker}, R.~J.},
    title = "{nIFTy galaxy cluster simulations - I. Dark matter and non-radiative models}",
  journal = {\mnras},
archivePrefix = "arXiv",
   eprint = {1503.06065},
 keywords = {methods: numerical, galaxies: haloes, cosmology: theory, dark matter},
     year = 2016,
    month = apr,
   volume = 457,
    pages = {4063-4080},
      doi = {10.1093/mnras/stw250},
   adsurl = {http://adsabs.harvard.edu/abs/2016MNRAS.457.4063S},
  adsnote = {Provided by the SAO/NASA Astrophysics Data System}
}

@ARTICLE{Cui2016a,
   author = {{Cui}, W. and {Power}, C. and {Biffi}, V. and {Borgani}, S. and
	{Murante}, G. and {Fabjan}, D. and {Knebe}, A. and {Lewis}, G.~F. and
	{Poole}, G.~B.},
    title = "{How does our choice of observable influence our estimation of the centre of a galaxy cluster? Insights from cosmological simulations}",
  journal = {\mnras},
archivePrefix = "arXiv",
   eprint = {1512.01253},
 keywords = {galaxies: clusters: general, galaxies: formation, cosmology: theory},
     year = 2016,
    month = mar,
   volume = 456,
    pages = {2566-2575},
      doi = {10.1093/mnras/stv2839},
   adsurl = {http://adsabs.harvard.edu/abs/2016MNRAS.456.2566C},
  adsnote = {Provided by the SAO/NASA Astrophysics Data System}
}

@ARTICLE{Knebe2015,
   author = {{Knebe}, A. and {Pearce}, F.~R. and {Thomas}, P.~A. and {Benson}, A. and
	{Blaizot}, J. and {Bower}, R. and {Carretero}, J. and {Castander}, F.~J. and
	{Cattaneo}, A. and {Cora}, S.~A. and {Croton}, D.~J. and {Cui}, W. and
	{Cunnama}, D. and {De Lucia}, G. and {Devriendt}, J.~E. and
	{Elahi}, P.~J. and {Font}, A. and {Fontanot}, F. and {Garcia-Bellido}, J. and
	{Gargiulo}, I.~D. and {Gonzalez-Perez}, V. and {Helly}, J. and
	{Henriques}, B. and {Hirschmann}, M. and {Lee}, J. and {Mamon}, G.~A. and
	{Monaco}, P. and {Onions}, J. and {Padilla}, N.~D. and {Power}, C. and
	{Pujol}, A. and {Skibba}, R.~A. and {Somerville}, R.~S. and
	{Srisawat}, C. and {Vega-Mart{\'{\i}}nez}, C.~A. and {Yi}, S.~K.
	},
    title = "{nIFTy cosmology: comparison of galaxy formation models}",
  journal = {\mnras},
archivePrefix = "arXiv",
   eprint = {1505.04607},
 keywords = {methods: analytical, methods: numerical, galaxies: evolution, galaxies: haloes, cosmology: theory, dark matter},
     year = 2015,
    month = aug,
   volume = 451,
    pages = {4029-4059},
      doi = {10.1093/mnras/stv1149},
   adsurl = {http://adsabs.harvard.edu/abs/2015MNRAS.451.4029K},
  adsnote = {Provided by the SAO/NASA Astrophysics Data System}
}

@ARTICLE{Yu2015,
   author = {{Yu}, Y. and {Zhang}, P. and {Lin}, W. and {Cui}, W.},
    title = "{The Source-lens Clustering Effect in the Context of Lensing Tomography and Its Self-calibration}",
  journal = {\apj},
archivePrefix = "arXiv",
   eprint = {1402.7144},
 keywords = {gravitational lensing: weak, large-scale structure of universe},
     year = 2015,
    month = apr,
   volume = 803,
      eid = {46},
    pages = {46},
      doi = {10.1088/0004-637X/803/1/46},
   adsurl = {http://adsabs.harvard.edu/abs/2015ApJ...803...46Y},
  adsnote = {Provided by the SAO/NASA Astrophysics Data System}
}

@ARTICLE{Cui2014a,
   author = {{Cui}, W. and {Borgani}, S. and {Murante}, G.},
    title = "{The effect of active galactic nuclei feedback on the halo mass function}",
  journal = {\mnras},
archivePrefix = "arXiv",
   eprint = {1402.1493},
 keywords = {galaxies: evolution, galaxies: formation, galaxies: general, galaxies: haloes, cosmology: theory, large-scale structure of Universe},
     year = 2014,
    month = jun,
   volume = 441,
    pages = {1769-1782},
      doi = {10.1093/mnras/stu673},
   adsurl = {http://adsabs.harvard.edu/abs/2014MNRAS.441.1769C},
  adsnote = {Provided by the SAO/NASA Astrophysics Data System}
}

@ARTICLE{Presotto2014,
   author = {{Presotto}, V. and {Girardi}, M. and {Nonino}, M. and {Mercurio}, A. and
	{Grillo}, C. and {Rosati}, P. and {Biviano}, A. and {Annunziatella}, M. and
	{Balestra}, I. and {Cui}, W. and {Sartoris}, B. and {Lemze}, D. and
	{Ascaso}, B. and {Moustakas}, J. and {Ford}, H. and {Fritz}, A. and
	{Czoske}, O. and {Ettori}, S. and {Kuchner}, U. and {Lombardi}, M. and
	{Maier}, C. and {Medezinski}, E. and {Molino}, A. and {Scodeggio}, M. and
	{Strazzullo}, V. and {Tozzi}, P. and {Ziegler}, B. and {Bartelmann}, M. and
	{Benitez}, N. and {Bradley}, L. and {Brescia}, M. and {Broadhurst}, T. and
	{Coe}, D. and {Donahue}, M. and {Gobat}, R. and {Graves}, G. and
	{Kelson}, D. and {Koekemoer}, A. and {Melchior}, P. and {Meneghetti}, M. and
	{Merten}, J. and {Moustakas}, L.~A. and {Munari}, E. and {Postman}, M. and
	{Reg{\H o}s}, E. and {Seitz}, S. and {Umetsu}, K. and {Zheng}, W. and
	{Zitrin}, A.},
    title = "{Intracluster light properties in the CLASH-VLT cluster MACS J1206.2-0847}",
  journal = {\aap},
archivePrefix = "arXiv",
   eprint = {1403.4979},
 keywords = {galaxies: clusters: individual: MACS J1206.2-0847, cosmology: observations},
     year = 2014,
    month = may,
   volume = 565,
      eid = {A126},
    pages = {A126},
      doi = {10.1051/0004-6361/201323251},
   adsurl = {http://adsabs.harvard.edu/abs/2014A%26A...565A.126P},
  adsnote = {Provided by the SAO/NASA Astrophysics Data System}
}

@MISC{Cui2014,
   author = {{Cui}, W.},
    title = "{PIAO: Python spherIcAl Overdensity code}",
 keywords = {Software},
howpublished = {Astrophysics Source Code Library},
     year = 2014,
    month = dec,
archivePrefix = "ascl",
   eprint = {1412.007},
   adsurl = {http://adsabs.harvard.edu/abs/2014ascl.soft12007C},
  adsnote = {Provided by the SAO/NASA Astrophysics Data System}
}

@ARTICLE{Cui2014b,
   author = {{Cui}, W. and {Murante}, G. and {Monaco}, P. and {Borgani}, S. and
	{Granato}, G.~L. and {Killedar}, M. and {De Lucia}, G. and {Presotto}, V. and
	{Dolag}, K.},
    title = "{Characterizing diffused stellar light in simulated galaxy clusters}",
  journal = {\mnras},
archivePrefix = "arXiv",
   eprint = {1310.1396},
 keywords = {galaxies: clusters: general, galaxies: evolution, galaxies: formation, galaxies: statistics, galaxies: stellar content, cosmology: theory},
     year = 2014,
    month = jan,
   volume = 437,
    pages = {816-830},
      doi = {10.1093/mnras/stt1940},
   adsurl = {http://adsabs.harvard.edu/abs/2014MNRAS.437..816C},
  adsnote = {Provided by the SAO/NASA Astrophysics Data System}
}

@ARTICLE{Ragone-Figueroa2013,
   author = {{Ragone-Figueroa}, C. and {Granato}, G.~L. and {Murante}, G. and
	{Borgani}, S. and {Cui}, W.},
    title = "{Brightest cluster galaxies in cosmological simulations: achievements and limitations of active galactic nuclei feedback models}",
  journal = {\mnras},
archivePrefix = "arXiv",
   eprint = {1308.3246},
 keywords = {methods: numerical, galaxies: elliptical and lenticular, cD, galaxies: evolution, galaxies: formation, galaxies: haloes, quasars: general},
     year = 2013,
    month = dec,
   volume = 436,
    pages = {1750-1764},
      doi = {10.1093/mnras/stt1693},
   adsurl = {http://adsabs.harvard.edu/abs/2013MNRAS.436.1750R},
  adsnote = {Provided by the SAO/NASA Astrophysics Data System}
}

@ARTICLE{Zhang2013,
   author = {{Zhang}, Y. and {Zhang}, P. and {Yang}, X. and {Cui}, W.},
    title = "{Nonlinearities in modified gravity cosmology. II. Impacts of modified gravity on the halo properties}",
  journal = {\prd},
archivePrefix = "arXiv",
   eprint = {1301.3255},
 primaryClass = "astro-ph.CO",
 keywords = {Cosmology, Dark energy, Superclusters, large-scale structure of the Universe},
     year = 2013,
    month = jan,
   volume = 87,
   number = 2,
      eid = {023521},
    pages = {023521},
      doi = {10.1103/PhysRevD.87.023521},
   adsurl = {http://adsabs.harvard.edu/abs/2013PhRvD..87b3521Z},
  adsnote = {Provided by the SAO/NASA Astrophysics Data System}
}

@ARTICLE{Cui2012b,
   author = {{Cui}, W. and {Baldi}, M. and {Borgani}, S.},
    title = "{The halo mass function in interacting dark energy models}",
  journal = {\mnras},
archivePrefix = "arXiv",
   eprint = {1201.3568},
 keywords = {cosmology: theory, dark energy, dark matter, large-scale structure of Universe},
     year = 2012,
    month = aug,
   volume = 424,
    pages = {993-1005},
      doi = {10.1111/j.1365-2966.2012.21267.x},
   adsurl = {http://adsabs.harvard.edu/abs/2012MNRAS.424..993C},
  adsnote = {Provided by the SAO/NASA Astrophysics Data System}
}

@ARTICLE{Cui2012a,
   author = {{Cui}, W. and {Borgani}, S. and {Dolag}, K. and {Murante}, G. and
	{Tornatore}, L.},
    title = "{The effects of baryons on the halo mass function}",
  journal = {\mnras},
archivePrefix = "arXiv",
   eprint = {1111.3066},
 keywords = {methods: numerical, methods: statistical, galaxies: abundances, galaxies: general, cosmology: theory, large-scale structure of Universe},
     year = 2012,
    month = jul,
   volume = 423,
    pages = {2279-2287},
      doi = {10.1111/j.1365-2966.2012.21037.x},
   adsurl = {http://adsabs.harvard.edu/abs/2012MNRAS.423.2279C},
  adsnote = {Provided by the SAO/NASA Astrophysics Data System}
}

@ARTICLE{Yu2012,
   author = {{Yu}, Y. and {Zhang}, P. and {Lin}, W. and {Cui}, W. and {Fry}, J.~N.
	},
    title = "{Gaussianizing the non-Gaussian lensing convergence field II. The applicability to noisy data}",
  journal = {\prd},
archivePrefix = "arXiv",
   eprint = {1201.4527},
 primaryClass = "astro-ph.CO",
 keywords = {Cosmology, Gravitational lenses and luminous arcs, Statistical and correlative studies of properties, Superclusters, large-scale structure of the Universe},
     year = 2012,
    month = jul,
   volume = 86,
   number = 2,
      eid = {023515},
    pages = {023515},
      doi = {10.1103/PhysRevD.86.023515},
   adsurl = {http://adsabs.harvard.edu/abs/2012PhRvD..86b3515Y},
  adsnote = {Provided by the SAO/NASA Astrophysics Data System}
}

@ARTICLE{Cui2011,
   author = {{Cui}, W. and {Springel}, V. and {Yang}, X. and {De Lucia}, G. and
	{Borgani}, S.},
    title = "{Properties of fossil groups in cosmological simulations and galaxy formation models}",
  journal = {\mnras},
archivePrefix = "arXiv",
   eprint = {1102.4269},
 keywords = {galaxy: evolution, galaxies: formation},
     year = 2011,
    month = oct,
   volume = 416,
    pages = {2997-3008},
      doi = {10.1111/j.1365-2966.2011.19248.x},
   adsurl = {http://adsabs.harvard.edu/abs/2011MNRAS.416.2997C},
  adsnote = {Provided by the SAO/NASA Astrophysics Data System}
}

@ARTICLE{Yu2011,
   author = {{Yu}, Y. and {Zhang}, P. and {Lin}, W. and {Cui}, W. and {Fry}, J.~N.
	},
    title = "{Gaussianizing the non-Gaussian lensing convergence field: The performance of the Gaussianization}",
  journal = {\prd},
archivePrefix = "arXiv",
   eprint = {1103.2858},
 primaryClass = "astro-ph.CO",
 keywords = {Cosmology, Gravitational lenses and luminous arcs, Statistical and correlative studies of properties, Superclusters, large-scale structure of the Universe},
     year = 2011,
    month = jul,
   volume = 84,
   number = 2,
      eid = {023523},
    pages = {023523},
      doi = {10.1103/PhysRevD.84.023523},
   adsurl = {http://adsabs.harvard.edu/abs/2011PhRvD..84b3523Y},
  adsnote = {Provided by the SAO/NASA Astrophysics Data System}
}

@ARTICLE{Cui2010,
   author = {{Cui}, W. and {Zhang}, P. and {Yang}, X.},
    title = "{Nonlinearities in modified gravity cosmology: Signatures of modified gravity in the nonlinear matter power spectrum}",
  journal = {\prd},
archivePrefix = "arXiv",
   eprint = {1001.5184},
 keywords = {Superclusters, large-scale structure of the Universe, Dark matter, Dark energy},
     year = 2010,
    month = may,
   volume = 81,
   number = 10,
      eid = {103528},
    pages = {103528},
      doi = {10.1103/PhysRevD.81.103528},
   adsurl = {http://adsabs.harvard.edu/abs/2010PhRvD..81j3528C},
  adsnote = {Provided by the SAO/NASA Astrophysics Data System}
}

@ARTICLE{Cui2008,
   author = {{Cui}, W. and {Liu}, L. and {Yang}, X. and {Wang}, Y. and {Feng}, L. and
	{Springel}, V.},
    title = "{An Ideal Mass Assignment Scheme for Measuring the Power Spectrum with Fast Fourier Transforms}",
  journal = {\apj},
archivePrefix = "arXiv",
   eprint = {0804.0070},
 keywords = {cosmology: theory, large-scale structure of universe, methods: data analysis, methods: numerical },
     year = 2008,
    month = nov,
   volume = 687,
      eid = {738-744},
    pages = {738-744},
      doi = {10.1086/592079},
   adsurl = {http://adsabs.harvard.edu/abs/2008ApJ...687..738C},
  adsnote = {Provided by the SAO/NASA Astrophysics Data System}
}
